@article{adamExploring2024,
  title = {Exploring Faradaic and Non-Faradaic Electrochemical Impedance Spectroscopy Approaches in {{Parkinson}}'s Disease Diagnosis},
  author = {Adam, Hussaini and Gopinath, Subash C. B. and Adam, Tijjani and Fakhri, Makram A. and Salim, Evan T. and Subramaniam, Sreeramanan},
  year = {2024},
  journal = {Heliyon},
  volume = {10},
  number = {5},
  publisher = {Elsevier},
  issn = {2405-8440},
  doi = {10.1016/j.heliyon.2024.e27433}
}

@article{adevaAmmonium2012,
  title = {Ammonium Metabolism in Humans},
  author = {Adeva, Maria M. and Souto, Gema and Blanco, Natalia and Donapetry, Crist{\'o}bal},
  year = {2012},
  journal = {Metabolism - Clinical and Experimental},
  volume = {61},
  number = {11},
  pages = {1495--1511},
  publisher = {Elsevier},
  issn = {0026-0495, 1532-8600},
  doi = {10.1016/j.metabol.2012.07.007},
  pmid = {22921946}
}

@article{ahDetection2012,
  title = {Detection of Uncharged or Feebly Charged Small Molecules by Field-Effect Transistor Biosensors},
  author = {Ah, Chil Seong and Park, Chan Woo and Yang, Jong-Heon and Lee, Joon Sung and Kim, Wan-Joong and Chung, Kwang Hyo and Choi, Yo Han and Baek, In Bok and Kim, Jungho and Sung, Gun Yong},
  year = {2012},
  journal = {Biosensors and Bioelectronics},
  volume = {33},
  number = {1},
  pages = {233--240},
  issn = {0956-5663},
  doi = {10.1016/j.bios.2012.01.010}
}

@article{ahmadEvolution2021,
  title = {Evolution of Low-Dimensional Material-Based Field-Effect Transistors},
  author = {Ahmad, Waqas and Gong, Youning and Abbas, Ghulam and Khan, Karim and Khan, Maaz and Ali, Ghafar and Shuja, Ahmed and Tareen, Ayesha Khan and Khan, Qasim and Li, Delong},
  year = {2021},
  journal = {Nanoscale},
  volume = {13},
  number = {10},
  pages = {5162--5186},
  publisher = {The Royal Society of Chemistry},
  issn = {2040-3372},
  doi = {10.1039/D0NR07548E}
}

@article{al-ashwalDeep2023,
  title = {Deep {{Learning}} for {{Optical Sensor Applications}}: {{A Review}}},
  author = {{Al-Ashwal}, Nagi H. and Al Soufy, Khaled A. M. and Hamza, Mohga E. and Swillam, Mohamed A.},
  year = {2023},
  journal = {Sensors},
  volume = {23},
  number = {14},
  pages = {6486},
  publisher = {Multidisciplinary Digital Publishing Institute},
  issn = {1424-8220},
  doi = {10.3390/s23146486},
  copyright = {http://creativecommons.org/licenses/by/3.0/}
}

@article{almeriaFoodborne2021,
  title = {Foodborne Transmission of {{{\emph{Toxoplasma}}}}{\emph{ Gondii}} Infection in the Last Decade. {{An}} Overview},
  author = {Almeria, S. and Dubey, J. P.},
  year = {2021},
  journal = {Research in Veterinary Science},
  volume = {135},
  pages = {371--385},
  issn = {0034-5288},
  doi = {10.1016/j.rvsc.2020.10.019}
}

@article{alqahtaniBridged2023,
  title = {Bridged {{EGFET Design}} for the {{Rapid Screening}} of {{Sorbents}} as {{Sensitisers}} in {{Water-Pollution Sensors}}},
  author = {AlQahtani, Hadi Rasam and {Al-Odayni}, Abdel-Basit M. and Alhamed, Yusif and Grell, Martin},
  year = {2023},
  journal = {Sensors},
  volume = {23},
  number = {17},
  pages = {7554},
  publisher = {Multidisciplinary Digital Publishing Institute},
  issn = {1424-8220},
  doi = {10.3390/s23177554},
  copyright = {http://creativecommons.org/licenses/by/3.0/}
}

@article{alshehriCarbon2016,
  title = {Carbon {{Nanotubes}} in {{Biomedical Applications}}: {{Factors}}, {{Mechanisms}}, and {{Remedies}} of {{Toxicity}}},
  author = {Alshehri, Reem and Ilyas, Asad Muhammad and Hasan, Anwarul and Arnaout, Adnan and Ahmed, Farid and Memic, Adnan},
  year = {2016},
  journal = {Journal of Medicinal Chemistry},
  volume = {59},
  number = {18},
  pages = {8149--8167},
  publisher = {American Chemical Society},
  issn = {0022-2623},
  doi = {10.1021/acs.jmedchem.5b01770}
}

@article{arakawaProgress2002,
  title = {Progress in {{GaN-based}} Quantum Dots for Optoelectronics Applications},
  author = {Arakawa, Y.},
  year = {2002},
  journal = {IEEE Journal of Selected Topics in Quantum Electronics},
  volume = {8},
  number = {4},
  pages = {823--832},
  issn = {1558-4542},
  doi = {10.1109/JSTQE.2002.801675}
}

@article{artaviaSelected2021,
  title = {Selected {{Instrumental Techniques Applied}} in {{Food}} and {{Feed}}: {{Quality}}, {{Safety}} and {{Adulteration Analysis}}},
  author = {Artavia, Graciela and {Cort{\'e}s-Herrera}, Carolina and {Granados-Chinchilla}, Fabio},
  year = {2021},
  journal = {Foods},
  volume = {10},
  number = {5},
  pages = {1081},
  publisher = {Multidisciplinary Digital Publishing Institute},
  issn = {2304-8158},
  doi = {10.3390/foods10051081},
  copyright = {http://creativecommons.org/licenses/by/3.0/}
}

@article{atallaNew1962,
  title = {A New "{{Hot}} Electron" Triode Structure with Semiconductor-Metal Emitter},
  author = {Atalla, M.M. and Kahng, D.},
  year = {1962},
  journal = {IRE Transactions on Electron Devices},
  volume = {9},
  number = {6},
  pages = {507--508},
  issn = {0096-2430, 2379-8661},
  doi = {10.1109/T-ED.1962.15048},
  copyright = {https://ieeexplore.ieee.org/Xplorehelp/downloads/license-information/IEEE.html}
}

@book{atkinsAtkins2023,
  title = {Atkins {{Physical Chemistry}}},
  author = {Atkins, Peter and {de Paula}, Julio and Keeler, James},
  year = {2023},
  edition = {12th edition},
  publisher = {Oxford University Press},
  isbn = {978-0-19-884781-6}
}

@article{avourisMolecular2002,
  title = {Molecular {{Electronics}} with {{Carbon Nanotubes}}},
  author = {Avouris, Phaedon},
  year = {2002},
  journal = {Accounts of Chemical Research},
  volume = {35},
  number = {12},
  pages = {1026--1034},
  publisher = {American Chemical Society},
  issn = {0001-4842},
  doi = {10.1021/ar010152e}
}

@article{baranwalElectrochemical2022,
  title = {Electrochemical {{Sensors}} and {{Their Applications}}: {{A Review}}},
  author = {Baranwal, Jaya and Barse, Brajesh and Gatto, Gianluca and Broncova, Gabriela and Kumar, Amit},
  year = {2022},
  journal = {Chemosensors},
  volume = {10},
  number = {9},
  pages = {363},
  publisher = {Multidisciplinary Digital Publishing Institute},
  issn = {2227-9040},
  doi = {10.3390/chemosensors10090363},
  copyright = {http://creativecommons.org/licenses/by/3.0/}
}

@article{bardeenTransistor1948,
  title = {The {{Transistor}}, {{A Semi-Conductor Triode}}},
  author = {Bardeen, J. and Brattain, W. H.},
  year = {1948},
  journal = {Physical Review},
  volume = {74},
  number = {2},
  pages = {230--231},
  publisher = {American Physical Society},
  doi = {10.1103/PhysRev.74.230}
}

@book{bardElectrochemical2022,
  title = {Electrochemical {{Methods}}: {{Fundamentals}} and {{Applications}}, 3rd {{Edition}} {\textbar} {{Wiley}}},
  author = {Bard, Allen J. and Faulkner, Larry R. and White, Henry S.},
  year = {2022},
  edition = {3rd Edition},
  isbn = {978-1-119-33405-7}
}

@article{barracloughDirect1997,
  title = {The Direct or {{MIT}} Route for Nitrogen Immobilization: {{A 15N}} Mirror Image Study with Leucine and Glycine},
  author = {Barraclough, D.},
  year = {1997},
  journal = {Soil Biology and Biochemistry},
  volume = {29},
  number = {1},
  pages = {101--108},
  issn = {0038-0717},
  doi = {10.1016/S0038-0717(96)00241-6}
}

@article{bartschRelevance1984,
  title = {Relevance of Nitrosamines to Human Cancer},
  author = {Bartsch, Helmut and Montesano, Ruggero},
  year = {1984},
  journal = {Carcinogenesis},
  volume = {5},
  number = {11},
  pages = {1381--1393},
  publisher = {Oxford Academic},
  issn = {0143-3334},
  doi = {10.1093/carcin/5.11.1381}
}

@article{battistaEnzymatic2017,
  title = {Enzymatic Sensing with Laccase-Functionalized Textile Organic Biosensors},
  author = {Battista, Edmondo and Lettera, Vincenzo and Villani, Marco and Calestani, Davide and Gentile, Francesco and Netti, Paolo Antonio and Iannotta, Salvatore and Zappettini, Andrea and Copped{\`e}, Nicola},
  year = {2017},
  journal = {Organic Electronics},
  volume = {40},
  pages = {51--57},
  issn = {1566-1199},
  doi = {10.1016/j.orgel.2016.10.037}
}

@article{bergveldDevelopment1970,
  title = {Development of an {{Ion-Sensitive Solid-State Device}} for {{Neurophysiological Measurements}}},
  author = {Bergveld, P.},
  year = {1970},
  journal = {IEEE Transactions on Biomedical Engineering},
  volume = {BME-17},
  number = {1},
  pages = {70--71},
  issn = {1558-2531},
  doi = {10.1109/TBME.1970.4502688}
}

@article{bertoLabel2018,
  title = {Label Free Urea Biosensor Based on Organic Electrochemical Transistors},
  author = {Berto, Marcello and Diacci, Chiara and Theuer, Lorenz and Lauro, Michele Di and Simon, Daniel T. and Berggren, Magnus and Biscarini, Fabio and Beni, Valerio and Bortolotti, Carlo A.},
  year = {2018},
  journal = {Flexible and Printed Electronics},
  volume = {3},
  number = {2},
  pages = {024001},
  publisher = {IOP Publishing},
  issn = {2058-8585},
  doi = {10.1088/2058-8585/aac8a8}
}

@article{besarPrintable2014,
  title = {Printable Ammonia Sensor Based on Organic Field Effect Transistor},
  author = {Besar, Kalpana and Yang, Shyuan and Guo, Xin and Huang, Weiguo and Rule, Ana M. and Breysse, Patrick N. and Kymissis, Ioannis J. and Katz, Howard E.},
  year = {2014},
  journal = {Organic Electronics},
  volume = {15},
  number = {11},
  pages = {3221--3230},
  issn = {1566-1199},
  doi = {10.1016/j.orgel.2014.08.023}
}

@misc{betterbibtexAuthlower,
  title = {Auth.Lower + Shorttitle(3,3) + Year},
  author = {BetterBibtex}
}

@article{bhatnagarComparison1993,
  title = {Comparison of {{6H-SiC}}, {{3C-SiC}}, and {{Si}} for Power Devices},
  author = {Bhatnagar, M. and Baliga, B.J.},
  year = {1993},
  journal = {IEEE Transactions on Electron Devices},
  volume = {40},
  number = {3},
  pages = {645--655},
  issn = {1557-9646},
  doi = {10.1109/16.199372}
}

@article{blairLung2022,
  title = {Lung Flukes of the Genus {{Paragonimus}}: Ancient and Re-Emerging Pathogens},
  author = {Blair, David},
  year = {2022},
  journal = {Parasitology},
  volume = {149},
  number = {10},
  pages = {1286--1295},
  issn = {0031-1820, 1469-8161},
  doi = {10.1017/S0031182022000300}
}

@article{blasiPrinted2020,
  title = {Printed, Cost-Effective and Stable Poly(3-Hexylthiophene) Electrolyte-Gated Field-Effect Transistors},
  author = {Blasi, Davide and Viola, Fabrizio and Modena, Francesco and Luukkonen, Axel and Macchia, Eleonora and Anna~Picca, Rosaria and Gounani, Zahra and Tewari, Amit and {\"O}sterbacka, Ronald and Caironi, Mario and Vajna, Zsolt M. Kovacs and Scamarcio, Gaetano and Torricelli, Fabrizio and Torsi, Luisa},
  year = {2020},
  journal = {Journal of Materials Chemistry C},
  volume = {8},
  number = {43},
  pages = {15312--15321},
  publisher = {Royal Society of Chemistry},
  doi = {10.1039/D0TC03342A}
}

@article{bobrinetskiyAdvances2021,
  title = {Advances in {{Nanomaterials-Based Electrochemical Biosensors}} for {{Foodborne Pathogen Detection}}},
  author = {Bobrinetskiy, Ivan and Radovic, Marko and Rizzotto, Francesco and Vizzini, Priya and Jaric, Stefan and Pavlovic, Zoran and Radonic, Vasa and Nikolic, Maria Vesna and Vidic, Jasmina},
  year = {2021},
  journal = {Nanomaterials},
  volume = {11},
  number = {10},
  pages = {2700},
  publisher = {Multidisciplinary Digital Publishing Institute},
  issn = {2079-4991},
  doi = {10.3390/nano11102700},
  copyright = {http://creativecommons.org/licenses/by/3.0/}
}

@article{bocanegra-rodriguezNew2020,
  title = {New {{Reusable Solid Biosensor}} with {{Covalent Immobilization}} of the {{Horseradish Peroxidase Enzyme}}: {{In Situ Liberation Studies}} of {{Hydrogen Peroxide}} by {{Portable Chemiluminescent Determination}}},
  author = {{Bocanegra-Rodr{\'i}guez}, Sara and {Jornet-Mart{\'i}nez}, Neus and {Molins-Legua}, Carmen and {Camp{\'i}ns-Falc{\'o}}, Pilar},
  year = {2020},
  journal = {ACS Omega},
  volume = {5},
  number = {5},
  pages = {2419--2427},
  publisher = {American Chemical Society},
  doi = {10.1021/acsomega.9b03958}
}

@article{bosmanExpertise2016,
  title = {Expertise for the Future: Learning and Training in the Area of Food Safety Risk Assessment},
  author = {Bosman, Arnold and Brent, Paul and Cocconcelli, Pier Sandro and Conole, Gr{\'a}inne and Gombert, Dominique and Hensel, Andreas and Kardassi, Dimitra and Kneifel, Wolfgang and Koulouris, Stylianos and Soares, Amadeu M. V. M. and Zilliacus, Johanna},
  year = {2016},
  journal = {EFSA Journal},
  volume = {14},
  number = {S1},
  pages = {e00503},
  issn = {1831-4732},
  doi = {10.2903/j.efsa.2016.s0503},
  copyright = {{\copyright} 2016 European Food Safety Authority. EFSA Journal published by John Wiley and Sons Ltd on behalf of European Food Safety Authority.}
}

@article{braendleinLactate2017,
  title = {Lactate {{Detection}} in {{Tumor Cell Cultures Using Organic Transistor Circuits}}},
  author = {Braendlein, Marcel and Pappa, Anna-Maria and Ferro, Marc and Lopresti, Alexia and Acquaviva, Claire and Mamessier, Emilie and Malliaras, George G. and Owens, R{\'o}is{\'i}n M.},
  year = {2017},
  journal = {Advanced Materials},
  volume = {29},
  number = {13},
  pages = {1605744},
  issn = {1521-4095},
  doi = {10.1002/adma.201605744},
  copyright = {{\copyright} 2017 WILEY-VCH Verlag GmbH \& Co. KGaA, Weinheim}
}

@article{bravoCrystal1995,
  title = {Crystal Structure of Catalase {{HPII}} from {{Escherichia}} Coli},
  author = {Bravo, Jer{\'o}nimo and Verdaguer, N{\'u}ria and Tormo, Jos{\'e} and Betzel, Christian and Switala, Jack and Loewen, Peter C. and Fita, Ignacio},
  year = {1995},
  journal = {Structure},
  volume = {3},
  number = {5},
  pages = {491--502},
  publisher = {Elsevier},
  issn = {0969-2126},
  doi = {10.1016/S0969-2126(01)00182-4},
  pmid = {7663946}
}

@misc{bravoRCSB,
  title = {{{RCSB PDB}} - {{1IPH}}: {{STRUCTURE OF CATALASE HPII FROM ESCHERICHIA COLI}}},
  author = {Bravo, Jer{\'o}nimo and Verdaguer, N{\'u}ria and Tormo, Jos{\'e} and Betzel, Christian and Switala, Jack and Loewen, Peter C. and Fita, Ignacio},
  howpublished = {https://www.rcsb.org/structure/1IPH}
}

@article{byrneAntibodyBased2009,
  title = {Antibody-{{Based Sensors}}: {{Principles}}, {{Problems}} and {{Potential}} for {{Detection}} of {{Pathogens}} and {{Associated Toxins}}},
  author = {Byrne, Barry and Stack, Edwina and Gilmartin, Niamh and O'Kennedy, Richard},
  year = {2009},
  journal = {Sensors},
  volume = {9},
  number = {6},
  pages = {4407--4445},
  publisher = {Molecular Diversity Preservation International},
  issn = {1424-8220},
  doi = {10.3390/s90604407},
  copyright = {http://creativecommons.org/licenses/by/3.0/}
}

@article{caboniOrganicbased2009,
  title = {Organic-Based Sensor for Chemical Detection in Aqueous Solution},
  author = {Caboni, A. and Orgiu, E. and Scavetta, E. and Barbaro, M. and Bonfiglio, A.},
  year = {2009},
  journal = {Applied Physics Letters},
  volume = {95},
  number = {12},
  pages = {123304},
  issn = {0003-6951},
  doi = {10.1063/1.3232252}
}

@article{camargoListeria2017,
  title = {Listeria Monocytogenes in {{Food-Processing Facilities}}, {{Food Contamination}}, and {{Human Listeriosis}}: {{The Brazilian Scenario}}},
  author = {Camargo, Anderson Carlos and Woodward, Joshua John and Call, Douglas Ruben and Nero, Lu{\'i}s Augusto},
  year = {2017},
  journal = {Foodborne Pathogens and Disease},
  volume = {14},
  number = {11},
  pages = {623--636},
  publisher = {Mary Ann Liebert, Inc., publishers},
  issn = {1535-3141},
  doi = {10.1089/fpd.2016.2274}
}

@article{canicaAntibiotic2019,
  title = {Antibiotic Resistance in Foodborne Bacteria},
  author = {Cani{\c c}a, Manuela and Manageiro, Vera and Abriouel, Hikmate and {Moran-Gilad}, Jacob and Franz, Charles M. A. P.},
  year = {2019},
  journal = {Trends in Food Science \& Technology},
  volume = {84},
  pages = {41--44},
  issn = {0924-2244},
  doi = {10.1016/j.tifs.2018.08.001}
}

@article{cardenosa-rubioRecent2019,
  title = {Recent Advances in Environmental and Clinical Analysis Using Microring Resonator--Based Sensors},
  author = {{Cardenosa-Rubio}, Maria C. and Robison, Heather M. and Bailey, Ryan C.},
  year = {2019},
  journal = {Current Opinion in Environmental Science \& Health},
  volume = {10},
  pages = {38--46},
  issn = {2468-5844},
  doi = {10.1016/j.coesh.2019.09.001}
}

@misc{cdcFour2024,
  title = {About {{Four Steps}} to {{Food Safety}}},
  author = {CDC},
  year = {2024},
  journal = {Food Safety},
  howpublished = {https://www.cdc.gov/food-safety/prevention/index.html}
}

@article{chaincontamRisk2018,
  title = {Risk for Animal and Human Health Related to the Presence of Dioxins and Dioxin-like {{PCBs}} in Feed and Food},
  author = {Chain (CONTAM), EFSA Panel on Contaminants in the Food and Knutsen, Helle Katrine and Alexander, Jan and Barreg{\aa}rd, Lars and Bignami, Margherita and Br{\"u}schweiler, Beat and Ceccatelli, Sandra and Cottrill, Bruce and Dinovi, Michael and Edler, Lutz and {Grasl-Kraupp}, Bettina and Hogstrand, Christer and Nebbia, Carlo Stefano and Oswald, Isabelle P and Petersen, Annette and Rose, Martin and Roudot, Alain-Claude and Schwerdtle, Tanja and Vleminckx, Christiane and Vollmer, G{\"u}nter and Wallace, Heather and F{\"u}rst, Peter and H{\aa}kansson, Helen and Halldorsson, Thorhallur and Lundebye, Anne-Katrine and Pohjanvirta, Raimo and Rylander, Lars and Smith, Andrew and {van Loveren}, Henk and {Waalkens-Berendsen}, Ine and Zeilmaker, Marco and Binaglia, Marco and G{\'o}mez Ruiz, Jos{\'e} {\'A}ngel and Horv{\'a}th, Zsuzsanna and Christoph, Eugen and Ciccolallo, Laura and Ramos Bordajandi, Luisa and Steinkellner, Hans and Hoogenboom, Laurentius (Ron)},
  year = {2018},
  journal = {EFSA Journal},
  volume = {16},
  number = {11},
  pages = {e05333},
  issn = {1831-4732},
  doi = {10.2903/j.efsa.2018.5333},
  copyright = {{\copyright} 2018 European Food Safety Authority. EFSA Journal published by John Wiley and Sons Ltd on behalf of European Food Safety Authority.}
}

@article{chaincontamRisk2020,
  title = {Risk Assessment of Aflatoxins in Food},
  author = {Chain (CONTAM), EFSA Panel on Contaminants in the Food and Schrenk, Dieter and Bignami, Margherita and Bodin, Laurent and Chipman, James Kevin and {del Mazo}, Jes{\'u}s and {Grasl-Kraupp}, Bettina and Hogstrand, Christer and Hoogenboom, Laurentius (Ron) and Leblanc, Jean-Charles and Nebbia, Carlo Stefano and Nielsen, Elsa and Ntzani, Evangelia and Petersen, Annette and Sand, Salomon and Schwerdtle, Tanja and Vleminckx, Christiane and Marko, Doris and Oswald, Isabelle P and Piersma, Aldert and Routledge, Michael and Schlatter, Josef and Baert, Katleen and Gergelova, Petra and Wallace, Heather},
  year = {2020},
  journal = {EFSA Journal},
  volume = {18},
  number = {3},
  pages = {e06040},
  issn = {1831-4732},
  doi = {10.2903/j.efsa.2020.6040},
  copyright = {{\copyright} 2020 European Food Safety Authority. EFSA Journal published by John Wiley and Sons Ltd on behalf of European Food Safety Authority.}
}

@article{chaudhryFoodborne1998,
  title = {A Foodborne Outbreak of Organophosphate Poisoning},
  author = {Chaudhry, Rama and Lall, Shyam Bala and Mishra, Baijayantimala and Dhawan, Benu},
  year = {1998},
  journal = {BMJ},
  volume = {317},
  number = {7153},
  pages = {268--269},
  publisher = {British Medical Journal Publishing Group},
  issn = {0959-8138, 1468-5833},
  doi = {10.1136/bmj.317.7153.268},
  chapter = {Clinical Review},
  copyright = {{\copyright} 1998 BMJ Publishing Group Ltd.},
  pmid = {9677223}
}

@article{chelliahCurrent2017,
  title = {Current Trends in Changing the Channel in {{MOSFETs}} by {{III}}--{{V}} Semiconducting Nanostructures},
  author = {Chelliah, Cyril R. A. John and Swaminathan, Rajesh},
  year = {2017},
  journal = {Nanotechnology Reviews},
  volume = {6},
  number = {6},
  pages = {613--623},
  publisher = {De Gruyter},
  issn = {2191-9097},
  doi = {10.1515/ntrev-2017-0155},
  copyright = {De Gruyter expressly reserves the right to use all content for commercial text and data mining within the meaning of Section 44b of the German Copyright Act.}
}

@article{chenInvolvement2020,
  title = {Involvement of Ammonia Metabolism in the Improvement of Endurance Performance by Tea Catechins in Mice},
  author = {Chen, Shu and Minegishi, Yoshihiko and Hasumura, Takahiro and Shimotoyodome, Akira and Ota, Noriyasu},
  year = {2020},
  journal = {Scientific Reports},
  volume = {10},
  number = {1},
  pages = {6065},
  publisher = {Nature Publishing Group},
  issn = {2045-2322},
  doi = {10.1038/s41598-020-63139-9},
  copyright = {2020 The Author(s)}
}

@article{chenModeling2010,
  title = {Modeling and Simulation of Electronic Structure, Material Interface and Random Doping in Nano-Electronic Devices},
  author = {Chen, Duan and Wei, Guo-Wei},
  year = {2010},
  journal = {Journal of Computational Physics},
  volume = {229},
  number = {12},
  pages = {4431--4460},
  issn = {0021-9991},
  doi = {10.1016/j.jcp.2010.02.002}
}

@article{chenMOS2010,
  title = {{{MOS Characteristics}} of {{C-Face 4H-SiC}}},
  author = {Chen, Z. and Ahyi, A.C. and Zhu, X. and Li, M. and {Isaacs-Smith}, T. and Williams, J.R. and Feldman, L.C.},
  year = {2010},
  journal = {Journal of Electronic Materials},
  volume = {39},
  number = {5},
  pages = {526--529},
  issn = {1543-186X},
  doi = {10.1007/s11664-010-1096-5}
}

@article{chennitInkjetPrinted2023,
  title = {Inkjet-{{Printed}}, {{Coplanar Electrolyte-Gated Organic Field-Effect Transistors}} on {{Flexible Substrates}}: {{Fabrication}}, {{Modeling}}, and {{Applications}} in {{Biodetection}}},
  author = {Chennit, Khalil and Delavari, Najmeh and Mekhmoukhen, Samia and Boukraa, Rassen and Fillaud, Laure and Zrig, Samia and Battaglini, Nicolas and Piro, Beno{\^i}t and No{\"e}l, Vincent and Zozoulenko, Igor and Mattana, Giorgio},
  year = {2023},
  journal = {Advanced Materials Technologies},
  volume = {8},
  number = {2},
  pages = {2200300},
  issn = {2365-709X},
  doi = {10.1002/admt.202200300}
}

@article{chenOptical2020,
  title = {Optical Biosensors: An Exhaustive and Comprehensive Review},
  author = {Chen, Chen and Wang, Junsheng},
  year = {2020},
  journal = {Analyst},
  volume = {145},
  number = {5},
  pages = {1605--1628},
  publisher = {The Royal Society of Chemistry},
  issn = {1364-5528},
  doi = {10.1039/C9AN01998G}
}

@article{chenPerformance2024,
  title = {Performance {{Limits}} and {{Advancements}} in {{Single 2D Transition Metal Dichalcogenide Transistor}}},
  author = {Chen, Jing and Sun, Ming-Yuan and Wang, Zhen-Hua and Zhang, Zheng and Zhang, Kai and Wang, Shuai and Zhang, Yu and Wu, Xiaoming and Ren, Tian-Ling and Liu, Hong and Han, Lin},
  year = {2024},
  journal = {Nano-Micro Letters},
  volume = {16},
  number = {1},
  pages = {264},
  issn = {2150-5551},
  doi = {10.1007/s40820-024-01461-x}
}

@article{chhowallaTwodimensional2016,
  title = {Two-Dimensional Semiconductors for Transistors},
  author = {Chhowalla, Manish and Jena, Debdeep and Zhang, Hua},
  year = {2016},
  journal = {Nature Reviews Materials},
  volume = {1},
  number = {11},
  pages = {1--15},
  publisher = {Nature Publishing Group},
  issn = {2058-8437},
  doi = {10.1038/natrevmats.2016.52},
  copyright = {2016 Macmillan Publishers Limited}
}

@misc{comsolCOMSOL_about,
  title = {About {{COMSOL}} - {{Multiphysics Simulation Software Provider}}},
  author = {COMSOL, Multiphysics},
  howpublished = {https://www.comsol.com/company}
}

@misc{comsolCOMSOL_dim,
  title = {{{COMSOL Documentation}}: {{Choosing}} the {{Space Dimension}}},
  author = {COMSOL, Multiphysics},
  howpublished = {https://doc.comsol.com/6.3/docserver/\#!/com.comsol.help.comsol/comsol\_ref\_geometry.23.006.html?highlight=1d+1d\%25E2\%2590\%25A4model+model}
}

@misc{comsolCOMSOL_doc,
  title = {{{COMSOL Documentation}}},
  author = {COMSOL, Multiphysics},
  howpublished = {https://doc.comsol.com/6.3/docserver/\#!/com.comsol.help.comsol/helpdesk/helpdesk.html}
}

@misc{comsolCOMSOL_el,
  title = {{{COMSOL Documentation}}: {{The Electrostatics Interface}}},
  author = {COMSOL, Multiphysics},
  howpublished = {https://doc.comsol.com/6.3/docserver/\#!/com.comsol.help.comsol/comsol\_ref\_acdc.26.28.html}
}

@article{comsolCOMSOL_manual,
  title = {{{COMSOL Multiphysics Reference Manual}}},
  author = {COMSOL, Multiphysics}
}

@misc{comsolCOMSOL_mesh,
  title = {{{COMSOL Documentation}}: {{The Mesh Node}}},
  author = {COMSOL, Multiphysics},
  journal = {The Mesh Node},
  howpublished = {https://doc.comsol.com/6.3/docserver/\#!/com.comsol.help.comsol/comsol\_ref\_mesh.24.11.html}
}

@misc{comsolCOMSOL_res,
  title = {{{COMSOL Documentation}}: {{Results Analysis}} and {{Plots}}},
  author = {COMSOL, Multiphysics},
  howpublished = {https://doc.comsol.com/6.3/docserver/\#!/com.comsol.help.comsol/comsol\_ref\_results.37.002.html\%232328487}
}

@misc{comsolCOMSOL_solv,
  title = {{{COMSOL Documentation}}: {{Selecting}} a {{Stationary}}, {{Time-Dependent}}, or {{Eigenvalue Solver}}},
  author = {COMSOL, Multiphysics},
  howpublished = {https://doc.comsol.com/6.3/docserver/\#!/com.comsol.help.comsol/comsol\_ref\_solver.36.114.html?highlight=solver}
}

@misc{comsolCOMSOL_statSolv,
  title = {{{COMSOL Documentation}} - {{Stationary Solver}}},
  author = {COMSOL, Multiphysics},
  howpublished = {https://doc.comsol.com/6.3/doc/com.comsol.help.comsol/comsol\_ref\_solver.36.135.html\#427936}
}

@misc{comsolCOMSOL_tds,
  title = {{{COMSOL Documentation}}: {{The Transport}} of {{Diluted Species Interface}}},
  author = {COMSOL, Multiphysics},
  howpublished = {https://doc.comsol.com/6.3/docserver/\#!/com.comsol.help.comsol/comsol\_ref\_chemicalspeciestransport.28.20.html\%23777311}
}

@article{contat-rodrigoScreenprinted2017,
  title = {Screen-Printed {{Organic Electrochemical Transistors}} for the Detection of Ascorbic Acid in Food},
  author = {{Contat-Rodrigo}, Laura and {P{\'e}rez-Fuster}, Clara and {Lid{\'o}n-Roger}, Jos{\'e} Vicente and Bonfiglio, Annalisa and {Garc{\'i}a-Breijo}, Eduardo},
  year = {2017},
  journal = {Organic Electronics},
  volume = {45},
  pages = {89--96},
  issn = {1566-1199},
  doi = {10.1016/j.orgel.2017.02.037}
}

@article{coppedeHuman2014,
  title = {Human Stress Monitoring through an Organic Cotton-Fiber Biosensor},
  author = {Copped{\`e}, Nicola and Tarabella, Giuseppe and Villani, Marco and Calestani, Davide and Iannotta, Salvatore and Zappettini, Andrea},
  year = {2014},
  journal = {Journal of Materials Chemistry B},
  volume = {2},
  number = {34},
  pages = {5620--5626},
  publisher = {The Royal Society of Chemistry},
  issn = {2050-7518},
  doi = {10.1039/C4TB00317A}
}

@article{cortes-herreraLiquid2019,
  title = {Liquid {{Chromatography Analysis}} of {{Common Nutritional Components}}, in {{Feed}} and {{Food}}},
  author = {{Cort{\'e}s-Herrera}, Carolina and Artavia, Graciela and Leiva, Astrid and {Granados-Chinchilla}, Fabio},
  year = {2019},
  journal = {Foods},
  volume = {8},
  number = {1},
  pages = {1},
  publisher = {Multidisciplinary Digital Publishing Institute},
  issn = {2304-8158},
  doi = {10.3390/foods8010001},
  copyright = {http://creativecommons.org/licenses/by/3.0/}
}

@article{cramerDouble2012,
  title = {Double Layer Capacitance Measured by Organic Field Effect Transistor Operated in Water},
  author = {Cramer, T. and Kyndiah, A. and Murgia, M. and Leonardi, F. and Casalini, S. and Biscarini, F.},
  year = {2012},
  journal = {Applied Physics Letters},
  volume = {100},
  number = {14},
  pages = {143302},
  issn = {0003-6951},
  doi = {10.1063/1.3699218}
}

@article{crivianu-gaitaAptamers2016,
  title = {Aptamers, Antibody {{scFv}}, and Antibody {{Fab}}' Fragments: {{An}} Overview and Comparison of Three of the Most Versatile Biosensor Biorecognition Elements},
  author = {{Crivianu-Gaita}, Victor and Thompson, Michael},
  year = {2016},
  journal = {Biosensors and Bioelectronics},
  volume = {85},
  pages = {32--45},
  issn = {0956-5663},
  doi = {10.1016/j.bios.2016.04.091}
}

@article{croneElectronic2001,
  title = {Electronic Sensing of Vapors with Organic Transistors},
  author = {Crone, B. and Dodabalapur, A. and Gelperin, A. and Torsi, L. and Katz, H. E. and Lovinger, A. J. and Bao, Z.},
  year = {2001},
  journal = {Applied Physics Letters},
  volume = {78},
  number = {15},
  pages = {2229--2231},
  issn = {0003-6951},
  doi = {10.1063/1.1360785}
}

@article{daiCarbon2002,
  title = {Carbon {{Nanotubes}}: {{Synthesis}}, {{Integration}}, and {{Properties}}},
  author = {Dai, Hongjie},
  year = {2002},
  journal = {Accounts of Chemical Research},
  volume = {35},
  number = {12},
  pages = {1035--1044},
  issn = {0001-4842, 1520-4898},
  doi = {10.1021/ar0101640}
}

@article{danchukOptical2020,
  title = {Optical Sensors for Determination of Biogenic Amines in Food},
  author = {Danchuk, Alexandra I. and Komova, Nadezhda S. and Mobarez, Sarah N. and Doronin, Sergey Yu. and Burmistrova, Natalia A. and Markin, Alexey V. and Duerkop, Axel},
  year = {2020},
  journal = {Analytical and Bioanalytical Chemistry},
  volume = {412},
  number = {17},
  pages = {4023--4036},
  issn = {1618-2650},
  doi = {10.1007/s00216-020-02675-9}
}

@article{darlinskiMechanical2005,
  title = {Mechanical Force Sensors Using Organic Thin-Film Transistors},
  author = {Darlinski, Grzegorz and B{\"o}ttger, Ulrich and Waser, Rainer and Klauk, Hagen and Halik, Marcus and Zschieschang, Ute and Schmid, G{\"u}nter and Dehm, Christine},
  year = {2005},
  journal = {Journal of Applied Physics},
  volume = {97},
  number = {9},
  pages = {093708},
  issn = {0021-8979},
  doi = {10.1063/1.1888046}
}

@article{dasNitrogen2007,
  title = {A {{Nitrogen Dioxide Sensor Based}} on an {{Organic Transistor Constructed}} from {{Amorphous Semiconducting Polymers}}},
  author = {Das, A. and Dost, R. and Richardson, T. and Grell, M. and Morrison, J. J. and Turner, M. L.},
  year = {2007},
  journal = {Advanced Materials},
  volume = {19},
  number = {22},
  pages = {4018--4023},
  issn = {1521-4095},
  doi = {10.1002/adma.200701504},
  copyright = {Copyright {\copyright} 2007 WILEY-VCH Verlag GmbH \& Co. KGaA, Weinheim}
}

@article{dawsonFoodborne2005,
  title = {Foodborne Protozoan Parasites},
  author = {Dawson, David},
  year = {2005},
  journal = {International Journal of Food Microbiology},
  volume = {103},
  number = {2},
  pages = {207--227},
  issn = {0168-1605},
  doi = {10.1016/j.ijfoodmicro.2004.12.032}
}

@article{decleerDevelopment2016,
  title = {Development and Validation of Ultra-High-Performance Liquid Chromatography--Tandem Mass Spectrometry Methods for the Simultaneous Determination of Beauvericin, Enniatins ({{A}}, {{A1}}, {{B}}, {{B1}}) and Cereulide in Maize, Wheat, Pasta and Rice},
  author = {Decleer, Marlies and Rajkovic, Andreja and Sas, Benedikt and Madder, Annemieke and De Saeger, Sarah},
  year = {2016},
  journal = {Journal of Chromatography A},
  volume = {1472},
  pages = {35--43},
  issn = {00219673},
  doi = {10.1016/j.chroma.2016.10.003}
}

@article{delalamoNanometrescale2011,
  title = {Nanometre-Scale Electronics with {{III}}--{{V}} Compound Semiconductors},
  author = {Del Alamo and A, Jes{\'u}s},
  year = {2011},
  journal = {Nature},
  volume = {479},
  number = {7373},
  pages = {317--323},
  publisher = {Nature Publishing Group},
  issn = {1476-4687},
  doi = {10.1038/nature10677},
  copyright = {2011 Springer Nature Limited}
}

@article{delavariNernst2021,
  title = {Nernst--{{Planck}}--{{Poisson}} Analysis of Electrolyte-Gated Organic Field-Effect Transistors},
  author = {Delavari, Najmeh and Tybrandt, Klas and Berggren, Magnus and Piro, Beno{\^i}t and No{\"e}l, Vincent and Mattana, Giorgio and Zozoulenko, Igor},
  year = {2021},
  journal = {Journal of Physics D: Applied Physics},
  volume = {54},
  number = {41},
  pages = {415101},
  issn = {0022-3727, 1361-6463},
  doi = {10.1088/1361-6463/ac14f3}
}

@article{dengSensors2022,
  title = {Sensors {{Based}} on the {{Carbon Nanotube Field-Effect Transistors}} for {{Chemical}} and {{Biological Analyses}}},
  author = {Deng, Yixi and Liu, Lei and Li, Jingyan and Gao, Li},
  year = {2022},
  journal = {Biosensors},
  volume = {12},
  number = {10},
  pages = {776},
  issn = {2079-6374},
  doi = {10.3390/bios12100776},
  copyright = {https://creativecommons.org/licenses/by/4.0/}
}

@article{dialloTrimethylamine2009,
  title = {Trimethylamine Biosensor Based on Pentacene Enzymatic Organic Field Effect Transistor},
  author = {Diallo, A. K. and Tardy, J. and Zhang, Z. Q. and Bessueille, F. and {Jaffrezic-Renault}, N. and Lemiti, M.},
  year = {2009},
  journal = {Applied Physics Letters},
  volume = {94},
  number = {26},
  pages = {263302},
  issn = {0003-6951},
  doi = {10.1063/1.3167805}
}

@article{dicolaFoodborne2021,
  title = {Foodborne Transmission of Hepatitis {{A}} and Hepatitis {{E}} Viruses: {{A}} Literature Review},
  author = {Di Cola, Guadalupe and Fantilli, Anabella C. and Pisano, Mar{\'i}a Bel{\'e}n and R{\'e}, Viviana E.},
  year = {2021},
  journal = {International Journal of Food Microbiology},
  volume = {338},
  pages = {108986},
  issn = {0168-1605},
  doi = {10.1016/j.ijfoodmicro.2020.108986}
}

@article{dicolaFoodborne2021a,
  title = {Foodborne Transmission of Hepatitis {{A}} and Hepatitis {{E}} Viruses: {{A}} Literature Review},
  author = {Di Cola, Guadalupe and Fantilli, Anabella C. and Pisano, Mar{\'i}a Bel{\'e}n and R{\'e}, Viviana E.},
  year = {2021},
  journal = {International Journal of Food Microbiology},
  volume = {338},
  pages = {108986},
  issn = {0168-1605},
  doi = {10.1016/j.ijfoodmicro.2020.108986}
}

@incollection{dixonTaenia2021,
  title = {{\emph{Taenia Solium}} Taeniasis/Cysticercosis: {{From}} Parasite Biology and Immunology to Diagnosis and Control},
  booktitle = {Advances in {{Parasitology}}},
  author = {Dixon, Matthew A. and Winskill, Peter and Harrison, Wendy E. and Bas{\'a}{\~n}ez, Maria-Gloria},
  editor = {Rollinson, David and Stothard, Russell},
  year = {2021},
  volume = {112},
  pages = {133--217},
  publisher = {Academic Press},
  doi = {10.1016/bs.apar.2021.03.003}
}

@article{dobhalSurvival2014,
  title = {Survival and Growth of Foodborne Pathogens in Pesticide Solutions Routinely Used in Leafy Green Vegetables and Tomato Production},
  author = {Dobhal, Shefali and Zhang, Guodong and Royer, Tom and Damicone, John and Ma, Li Maria},
  year = {2014},
  journal = {Journal of the Science of Food and Agriculture},
  volume = {94},
  number = {14},
  pages = {2958--2964},
  issn = {1097-0010},
  doi = {10.1002/jsfa.6640},
  copyright = {{\copyright} 2014 Society of Chemical Industry}
}

@incollection{dresselhausChapter1996,
  title = {Chapter 1 - {{Historical Introduction}}},
  booktitle = {Science of {{Fullerenes}} and {{Carbon Nanotubes}}},
  author = {Dresselhaus, M. S. and Dresselhaus, G. and Eklund, P. C.},
  editor = {Dresselhaus, M. S. and Dresselhaus, G. and Eklund, P. C.},
  year = {1996},
  pages = {1--14},
  publisher = {Academic Press},
  doi = {10.1016/B978-012221820-0/50001-0},
  isbn = {978-0-12-221820-0}
}

@techreport{edgarDevice1933,
  title = {Device for Controlling Electric Current},
  author = {Edgar, Lilienfeld Julius},
  year = {1933},
  number = {US1900018A},
  annotation = {https://ppubs.uspto.gov/dirsearch-public/patents/html/1900018?source=USOCR\&requestToken=eyJzdWIiOiI0YzEyZTUzOS04ZGU0LTQyMWItYjBhZi00ZGJjMTMxZjEyMTQiLCJ2ZXIiOiI2NmFhODA0ZS00N2Y0LTQ3ZTYtYjQ3NC05YzJkZTcxOGFjZTEiLCJleHAiOjB9}
}

@techreport{edgarMethod1930,
  title = {Method and Apparatus for Controlling Electric Currents},
  author = {Edgar, Lilienfeld Julius},
  year = {1930},
  number = {US1745175A}
}

@misc{efsaHandling,
  title = {Handling Food Safely {\textbar} {{EFSA}}},
  author = {EFSA, European Food Safety Authority},
  howpublished = {https://www.efsa.europa.eu/en/safe2eat/handling-food-safely}
}

@article{efsaScientific2015,
  title = {Scientific and Technical Assistance on the Evaluation of the Temperature to Be Applied to Pre-Packed Fishery Products at Retail Level},
  author = {EFSA, European Food Safety Authority},
  year = {2015},
  journal = {EFSA Journal},
  volume = {13},
  number = {7},
  pages = {4162},
  issn = {1831-4732},
  doi = {10.2903/j.efsa.2015.4162},
  copyright = {{\copyright} 2015 European Food Safety Authority}
}

@article{ehuwaSalmonella2021,
  title = {Salmonella, {{Food Safety}} and {{Food Handling Practices}}},
  author = {Ehuwa, Olugbenga and Jaiswal, Amit K. and Jaiswal, Swarna},
  year = {2021},
  journal = {Foods},
  volume = {10},
  number = {5},
  pages = {907},
  publisher = {Multidisciplinary Digital Publishing Institute},
  issn = {2304-8158},
  doi = {10.3390/foods10050907},
  copyright = {http://creativecommons.org/licenses/by/3.0/}
}

@article{elliElectrolyteGated2024,
  title = {Electrolyte-{{Gated Carbon Nanotube Field-Effect Transistor-Based Sensors}} for {{Nanoplastics Detection}} in {{Seawater}}: {{A Study}} of the {{Interaction}} between {{Nanoplastics}} and {{Carbon Nanotubes}}},
  author = {Elli, Giulia and Ciocca, Manuela and Shkodra, Bajramshahe and Petrelli, Mattia and Costa Angeli, Martina Aurora and Altana, Antonio and Carzino, Riccardo and Fragouli, Despina and Petti, Luisa and Lugli, Paolo},
  year = {2024},
  journal = {ACS Applied Materials \& Interfaces},
  volume = {16},
  number = {29},
  pages = {38768--38779},
  publisher = {American Chemical Society},
  issn = {1944-8244},
  doi = {10.1021/acsami.4c07692}
}

@article{elliFieldEffect2022,
  title = {Field-{{Effect Transistor-Based Biosensors}} for {{Environmental}} and {{Agricultural Monitoring}}},
  author = {Elli, Giulia and Hamed, Saleh and Petrelli, Mattia and Ibba, Pietro and Ciocca, Manuela and Lugli, Paolo and Petti, Luisa},
  year = {2022},
  journal = {Sensors},
  volume = {22},
  number = {11},
  pages = {4178},
  publisher = {Multidisciplinary Digital Publishing Institute},
  issn = {1424-8220},
  doi = {10.3390/s22114178},
  copyright = {http://creativecommons.org/licenses/by/3.0/}
}

@article{ellingtonVitro1990,
  title = {In Vitro Selection of {{RNA}} Molecules That Bind Specific Ligands},
  author = {Ellington, Andrew D. and Szostak, Jack W.},
  year = {1990},
  journal = {Nature},
  volume = {346},
  number = {6287},
  pages = {818--822},
  publisher = {Nature Publishing Group},
  issn = {1476-4687},
  doi = {10.1038/346818a0},
  copyright = {1990 Springer Nature Limited}
}

@article{elnathanBiorecognition2012,
  title = {Biorecognition {{Layer Engineering}}: {{Overcoming Screening Limitations}} of {{Nanowire-Based FET Devices}}},
  author = {Elnathan, Roey and Kwiat, Moria and Pevzner, Alexander and Engel, Yoni and Burstein, Larisa and Khatchtourints, Artium and Lichtenstein, Amir and Kantaev, Raisa and Patolsky, Fernando},
  year = {2012},
  journal = {Nano Letters},
  volume = {12},
  number = {10},
  pages = {5245--5254},
  publisher = {American Chemical Society},
  issn = {1530-6984},
  doi = {10.1021/nl302434w}
}

@article{elsherifOptical2022,
  title = {Optical {{Fiber Sensors}}: {{Working Principle}}, {{Applications}}, and {{Limitations}}},
  author = {Elsherif, Mohamed and Salih, Ahmed E. and Mu{\~n}oz, Monserrat Guti{\'e}rrez and Alam, Fahad and AlQattan, Bader and Antonysamy, Dennyson Savariraj and Zaki, Mohamed Fawzi and Yetisen, Ali K. and Park, Seongjun and Wilkinson, Timothy D. and Butt, Haider},
  year = {2022},
  journal = {Advanced Photonics Research},
  volume = {3},
  number = {11},
  pages = {2100371},
  issn = {2699-9293},
  doi = {10.1002/adpr.202100371},
  copyright = {{\copyright} 2022 The Authors. Advanced Photonics Research published by Wiley-VCH GmbH}
}

@article{emwasStrengths2015,
  title = {The Strengths and Weaknesses of {{NMR}} Spectroscopy and Mass Spectrometry with Particular Focus on Metabolomics Research},
  author = {Emwas, Abdul-Hamid M.},
  year = {2015},
  journal = {Methods in Molecular Biology (Clifton, N.J.)},
  volume = {1277},
  pages = {161--193},
  issn = {1940-6029},
  doi = {10.1007/978-1-4939-2377-9_13},
  pmid = {25677154}
}

@article{engvallEnzymelinked1971,
  title = {Enzyme-Linked Immunosorbent Assay ({{ELISA}}) Quantitative Assay of Immunoglobulin {{G}}},
  author = {Engvall, Eva and Perlmann, Peter},
  year = {1971},
  journal = {Immunochemistry},
  volume = {8},
  number = {9},
  pages = {871--874},
  issn = {00192791},
  doi = {10.1016/0019-2791(71)90454-X},
  copyright = {https://www.elsevier.com/tdm/userlicense/1.0/}
}

@article{eppsFoodborne2013,
  title = {Foodborne {{Campylobacter}}: {{Infections}}, {{Metabolism}}, {{Pathogenesis}} and {{Reservoirs}}},
  author = {Epps, Sharon V. R. and Harvey, Roger B. and Hume, Michael E. and Phillips, Timothy D. and Anderson, Robin C. and Nisbet, David J.},
  year = {2013},
  journal = {International Journal of Environmental Research and Public Health},
  volume = {10},
  number = {12},
  pages = {6292--6304},
  publisher = {Multidisciplinary Digital Publishing Institute},
  issn = {1660-4601},
  doi = {10.3390/ijerph10126292},
  copyright = {http://creativecommons.org/licenses/by/3.0/}
}

@article{ercoleEscherichia2003,
  title = {{\emph{Escherichia Coli}} Detection in Vegetable Food by a Potentiometric Biosensor},
  author = {Ercole, C. and Del Gallo, M. and Mosiello, L. and Baccella, S. and Lepidi, A.},
  year = {2003},
  journal = {Sensors and Actuators B: Chemical},
  volume = {91},
  number = {1},
  pages = {163--168},
  issn = {0925-4005},
  doi = {10.1016/S0925-4005(03)00083-2}
}

@article{estebanReview2016,
  title = {Review: {{Mechanisms}} of Ammonium Toxicity and the Quest for Tolerance},
  author = {Esteban, Raquel and Ariz, Idoia and Cruz, Cristina and Moran, Jose Fernando},
  year = {2016},
  journal = {Plant Science},
  volume = {248},
  pages = {92--101},
  issn = {0168-9452},
  doi = {10.1016/j.plantsci.2016.04.008}
}

@article{facchettiSemiconductors2007,
  title = {Semiconductors for Organic Transistors},
  author = {Facchetti, Antonio},
  year = {2007},
  journal = {Materials Today},
  volume = {10},
  number = {3},
  pages = {28--37},
  issn = {1369-7021},
  doi = {10.1016/S1369-7021(07)70017-2}
}

@techreport{faoAssuring2003,
  title = {Assuring {{Food Safety}} and {{Quality}}: {{Guidelines}} for {{Strengthening National Food Control Systems}}},
  author = {FAO, Food {and} Agriculture Organization of the United Nations},
  year = {2003}
}

@misc{faoCodex2009,
  title = {Codex {{Alimentarius}}: {{Food Hygiene}} ({{Bsasic}} Texts) - {{Fourth}} Edition},
  author = {FAO, Food {and} Agriculture Organization of the United Nations},
  year = {2009},
  howpublished = {https://www.fao.org/4/a1552e/a1552e00.htm}
}

@misc{faowhoFAO2006,
  title = {{{FAO}}/{{WHO}} Guidance to Governments on the Application of {{HACCP}} in Small and/or Less-Developed Food Business},
  author = {FAO/WHO},
  year = {2006},
  howpublished = {https://www.fao.org/4/a0799e/a0799e00.htm}
}

@techreport{faowhoJoint2012,
  title = {Joint {{FAO}}/{{WHO}} Expert Meeting on the Public Health Risks of Histamine and Other Biogenic Amines from Fish and Fishery Products: Meeting Report},
  author = {FAO/WHO},
  year = {2012}
}

@book{faoWorking2007,
  title = {Working Principles for Risk Analysis for Food Safety for Application by Governments},
  editor = {{Commission mixte FAO-OMS du codex alimentarius} and {Organisation des Nations Unies pour l'alimentation et l'agriculture} and {Organisation mondiale de la sant{\'e}}},
  year = {2007},
  publisher = {OMS FAO},
  isbn = {978-92-5-005911-2},
  lccn = {363.192}
}

@article{farjadianRecent2020,
  title = {Recent {{Developments}} in {{Graphene}} and {{Graphene Oxide}}: {{Properties}}, {{Synthesis}}, and {{Modifications}}: {{A Review}}},
  author = {Farjadian, Fatemeh and Abbaspour, Somayeh and Sadatlu, Mohamad Amin Abdolahi and Mirkiani, Soroush and Ghasemi, Amir and {Hoseini-Ghahfarokhi}, Mojtaba and Mozaffari, Naeimeh and Karimi, Mahdi and Hamblin, Michael R.},
  year = {2020},
  journal = {ChemistrySelect},
  volume = {5},
  number = {33},
  pages = {10200--10219},
  issn = {2365-6549},
  doi = {10.1002/slct.202002501},
  copyright = {{\copyright} 2020 Wiley-VCH GmbH}
}

@article{fathollahzadehImmobilization2018,
  title = {Immobilization of Glucose Oxidase on {{ZnO}} Nanorods Decorated Electrolyte-Gated Field Effect Transistor for Glucose Detection},
  author = {Fathollahzadeh, M. and Hosseini, M. and Norouzi, M. and Ebrahimi, A. and Fathipour, M. and Kolahdouz, M. and Haghighi, B.},
  year = {2018},
  journal = {Journal of Solid State Electrochemistry},
  volume = {22},
  number = {1},
  pages = {61--67},
  issn = {1433-0768},
  doi = {10.1007/s10008-017-3716-y}
}

@techreport{fdaFish2022,
  title = {Fish and {{Fishery Products Hazards}} and {{Controls Guidance June}} 2022 {{Edition}}},
  author = {{Food {and} Drug Administration (FDA)}},
  year = {2022}
}

@article{fedorenkoRecent2023,
  title = {Recent {{Applications}} of {{Nano-Liquid Chromatography}} in {{Food Safety}} and {{Environmental Monitoring}}: {{A Review}}},
  author = {Fedorenko, Deniss and Bartkevics, Vadims},
  year = {2023},
  journal = {Critical Reviews in Analytical Chemistry},
  volume = {53},
  number = {1},
  pages = {98--122},
  issn = {1040-8347, 1547-6510},
  doi = {10.1080/10408347.2021.1938968}
}

@incollection{fengGas2019,
  title = {Gas Chromatography for Food Quality Evaluation},
  booktitle = {Evaluation {{Technologies}} for {{Food Quality}}},
  author = {Feng, Tao and Sun, Min and Song, Shiqing and Zhuang, Haining and Yao, Lingyun},
  year = {2019},
  pages = {219--265},
  publisher = {Elsevier},
  doi = {10.1016/B978-0-12-814217-2.00012-3},
  copyright = {https://www.elsevier.com/tdm/userlicense/1.0/},
  isbn = {978-0-12-814217-2}
}

@article{ferrariWorldwide2019,
  title = {Worldwide {{Epidemiology}} of {{Salmonella Serovars}} in {{Animal-Based Foods}}: A {{Meta-analysis}}},
  author = {Ferrari, Rafaela G. and Rosario, Denes K. A. and {Cunha-Neto}, Adelino and Mano, S{\'e}rgio B. and Figueiredo, Eduardo E. S. and {Conte-Junior}, Carlos A.},
  year = {2019},
  journal = {Applied and Environmental Microbiology},
  volume = {85},
  number = {14},
  pages = {e00591-19},
  publisher = {American Society for Microbiology},
  doi = {10.1128/AEM.00591-19}
}

@article{fleetElectrochemical1992,
  title = {Electrochemical Sensors for Monitoring Environmental Pollutants},
  author = {Fleet, Bernard and Gunasingham, Hari},
  year = {1992},
  journal = {Talanta},
  volume = {39},
  number = {11},
  pages = {1449--1457},
  issn = {0039-9140},
  doi = {10.1016/0039-9140(92)80125-W}
}

@article{fortunatoOxide2012,
  title = {Oxide {{Semiconductor Thin}}-{{Film Transistors}}: {{A Review}} of {{Recent Advances}}},
  author = {Fortunato, E. and Barquinha, P. and Martins, R.},
  year = {2012},
  journal = {Advanced Materials},
  volume = {24},
  number = {22},
  pages = {2945--2986},
  issn = {0935-9648, 1521-4095},
  doi = {10.1002/adma.201103228},
  copyright = {http://onlinelibrary.wiley.com/termsAndConditions\#vor}
}

@inproceedings{franchinMultiphysics2024,
  title = {Multiphysics Simulations of Cyclic Voltammetry Response of Flexible Screen-Printed Electrodes for Wearable Sensing Systems},
  booktitle = {2024 {{IEEE International Conference}} on {{Flexible}} and {{Printable Sensors}} and {{Systems}} ({{FLEPS}})},
  author = {Franchin, L. and Ploner, M. and Altana, A. and Shkodra, B. and Costa Angeli, M. A. and Lugli, P. and Petti, L. and Paccagnella, A. and Bonaldo, S.},
  year = {2024},
  pages = {1--4},
  issn = {2832-8256},
  doi = {10.1109/FLEPS61194.2024.10604011}
}

@article{franzenMassenspektrometrie1969,
  title = {Massenspektrometrie},
  author = {Franzen, Jochen},
  year = {1969},
  journal = {International Journal of Mass Spectrometry and Ion Physics},
  volume = {2},
  number = {1},
  pages = {98--100},
  issn = {00207381},
  doi = {10.1016/0020-7381(69)80011-2},
  copyright = {https://www.elsevier.com/tdm/userlicense/1.0/}
}

@article{friedmanAntibioticResistant2015,
  title = {Antibiotic-{{Resistant Bacteria}}: {{Prevalence}} in {{Food}} and {{Inactivation}} by {{Food-Compatible Compounds}} and {{Plant Extracts}}},
  author = {Friedman, Mendel},
  year = {2015},
  journal = {Journal of Agricultural and Food Chemistry},
  volume = {63},
  number = {15},
  pages = {3805--3822},
  publisher = {American Chemical Society},
  issn = {0021-8561},
  doi = {10.1021/acs.jafc.5b00778}
}

@misc{Frontiers,
  title = {Frontiers {\textbar} {{The}} Importance of the Viable but Non-Culturable State in Human Bacterial Pathogens},
  howpublished = {https://www.frontiersin.org/journals/microbiology/articles/10.3389/fmicb.2014.00258/full}
}

@article{fukushimaColorimetric2021,
  title = {Colorimetric Sensing of Histamine in Aqueous Solution by a System Composed of Alizarin Complexone and {{Ni2}}+ Complex via Indicator Displacement Approach},
  author = {Fukushima, Yasumasa and Aikawa, Shunichi},
  year = {2021},
  journal = {Tetrahedron Letters},
  volume = {72},
  pages = {153088},
  issn = {0040-4039},
  doi = {10.1016/j.tetlet.2021.153088}
}

@article{gagicFully2020,
  title = {Fully Automated Process for Histamine Detection Based on Magnetic Separation and Fluorescence Detection},
  author = {Gagic, Milica and Nejdl, Lukas and Xhaxhiu, Kledi and Cernei, Natalia and Zitka, Ondrej and Jamroz, Ewelina and Svec, Pavel and Richtera, Lukas and Kopel, Pavel and Milosavljevic, Vedran and Adam, Vojtech},
  year = {2020},
  journal = {Talanta},
  volume = {212},
  pages = {120789},
  issn = {00399140},
  doi = {10.1016/j.talanta.2020.120789}
}

@article{gagicFully2020a,
  title = {Fully Automated Process for Histamine Detection Based on Magnetic Separation and Fluorescence Detection},
  author = {Gagic, Milica and Nejdl, Lukas and Xhaxhiu, Kledi and Cernei, Natalia and Zitka, Ondrej and Jamroz, Ewelina and Svec, Pavel and Richtera, Lukas and Kopel, Pavel and Milosavljevic, Vedran and Adam, Vojtech},
  year = {2020},
  journal = {Talanta},
  volume = {212},
  pages = {120789},
  issn = {0039-9140},
  doi = {10.1016/j.talanta.2020.120789}
}

@article{gaoResearch2024,
  title = {Research Progress on Detection of Foodborne Pathogens: {{The}} More Rapid and Accurate Answer to Food Safety},
  author = {Gao, Ruoxuan and Liu, Xinxin and Xiong, Zhiqiang and Wang, Guangqiang and Ai, Lianzhong},
  year = {2024},
  journal = {Food Research International},
  volume = {193},
  pages = {114767},
  issn = {09639969},
  doi = {10.1016/j.foodres.2024.114767}
}

@article{gehringUse1998,
  title = {Use of a {{Light-Addressable Potentiometric Sensor}} for the {{Detection}} of{{{\emph{Escherichia}}}}{\emph{ coli}}{{O157}}:{{H7}}},
  author = {Gehring, Andrew G. and Patterson, Deidre L. and Tu, Shu-I},
  year = {1998},
  journal = {Analytical Biochemistry},
  volume = {258},
  number = {2},
  pages = {293--298},
  issn = {0003-2697},
  doi = {10.1006/abio.1998.2597}
}

@article{gillDrift1972,
  title = {Drift Mobilities in Amorphous Charge-transfer Complexes of Trinitrofluorenone and Poly-n-vinylcarbazole},
  author = {Gill, W. D.},
  year = {1972},
  journal = {Journal of Applied Physics},
  volume = {43},
  number = {12},
  pages = {5033--5040},
  issn = {0021-8979},
  doi = {10.1063/1.1661065}
}

@article{gillibertSurface2017,
  title = {Surface Enhanced {{Raman}} Scattering Sensor for Highly Sensitive and Selective Detection of Ochratoxin {{A}}},
  author = {Gillibert, Raymond and Triba, Mohamed N. and de la Chapelle, Marc Lamy},
  year = {2017},
  journal = {Analyst},
  volume = {143},
  number = {1},
  pages = {339--345},
  publisher = {The Royal Society of Chemistry},
  issn = {1364-5528},
  doi = {10.1039/C7AN01730H}
}

@article{gomez-alonsoSimultaneous2007,
  title = {Simultaneous {{HPLC Analysis}} of {{Biogenic Amines}}, {{Amino Acids}}, and {{Ammonium Ion}} as {{Aminoenone Derivatives}} in {{Wine}} and {{Beer Samples}}},
  author = {{G{\'o}mez-Alonso}, Sergio and {Hermos{\'i}n-Guti{\'e}rrez}, Isidro and {Garc{\'i}a-Romero}, Esteban},
  year = {2007},
  journal = {Journal of Agricultural and Food Chemistry},
  volume = {55},
  number = {3},
  pages = {608--613},
  publisher = {American Chemical Society},
  issn = {0021-8561},
  doi = {10.1021/jf062820m}
}

@inproceedings{graceFood2017,
  title = {Food Safety in Developing Countries: Research Gaps and Opportunities},
  author = {Grace, D.},
  year = {2017}
}

@book{grantElectromagnetism2008,
  title = {Electromagnetism, 2nd {{Edition}} {\textbar} {{Wiley}}},
  author = {Grant, I.S. and Phillips, W.R.},
  year = {2008},
  edition = {2nd},
  publisher = {John Wiley \& Sons, Ltd},
  isbn = {978-0-471-92712-9}
}

@article{grieshaberElectrochemical2008,
  title = {Electrochemical {{Biosensors}} - {{Sensor Principles}} and {{Architectures}}},
  author = {Grieshaber, Dorothee and MacKenzie, Robert and V{\"o}r{\"o}s, Janos and Reimhult, Erik},
  year = {2008},
  journal = {Sensors},
  volume = {8},
  number = {3},
  pages = {1400--1458},
  publisher = {Molecular Diversity Preservation International},
  issn = {1424-8220},
  doi = {10.3390/s80314000},
  copyright = {http://creativecommons.org/licenses/by/3.0/}
}

@article{griffinIllnesses1988,
  title = {Illnesses {{Associated}} with {{Escherichia}} Coli 0157:{{H7 Infections}}},
  author = {Griffin, Patricia M. and Ostroff, Stephen M. and Tauxe, Robert V. and Greene, Katherine D. and Wells, Joy G. and Lewis, Jay H. and Blake, Paul A.},
  year = {1988},
  journal = {Annals of Internal Medicine},
  volume = {109},
  number = {9},
  pages = {705--712},
  publisher = {American College of Physicians},
  issn = {0003-4819},
  doi = {10.7326/0003-4819-109-9-705}
}

@book{griffithsIntroduction2023,
  title = {Introduction to {{Electrodynamics}}},
  author = {Griffiths, David J.},
  year = {2023},
  edition = {5th},
  publisher = {Cambridge University Press},
  doi = {10.1017/9781009397735},
  isbn = {978-1-009-39775-9}
}

@article{gualandiTextile2016,
  title = {Textile {{Organic Electrochemical Transistors}} as a {{Platform}} for {{Wearable Biosensors}}},
  author = {Gualandi, I. and Marzocchi, M. and Achilli, A. and Cavedale, D. and Bonfiglio, A. and Fraboni, B.},
  year = {2016},
  journal = {Scientific Reports},
  volume = {6},
  number = {1},
  pages = {33637},
  publisher = {Nature Publishing Group},
  issn = {2045-2322},
  doi = {10.1038/srep33637},
  copyright = {2016 The Author(s)}
}

@article{guillenPathogenicity2023,
  title = {Pathogenicity and Virulence of {{{\emph{Entamoeba}}}}{\emph{ Histolytica}} , the Agent of Amoebiasis},
  author = {Guill{\'e}n, Nancy},
  year = {2023},
  journal = {Virulence},
  volume = {14},
  number = {1},
  pages = {2158656},
  issn = {2150-5594, 2150-5608},
  doi = {10.1080/21505594.2022.2158656}
}

@article{guoFunctional2010,
  title = {Functional {{Organic Field-Effect Transistors}}},
  author = {Guo, Yunlong and Yu, Gui and Liu, Yunqi},
  year = {2010},
  journal = {Advanced Materials},
  volume = {22},
  number = {40},
  pages = {4427--4447},
  issn = {1521-4095},
  doi = {10.1002/adma.201000740},
  copyright = {Copyright {\copyright} 2010 WILEY-VCH Verlag GmbH \& Co. KGaA, Weinheim}
}

@article{guoFunctional2010a,
  title = {Functional {{Organic Field-Effect Transistors}}},
  author = {Guo, Yunlong and Yu, Gui and Liu, Yunqi},
  year = {2010},
  journal = {Advanced Materials},
  volume = {22},
  number = {40},
  pages = {4427--4447},
  issn = {1521-4095},
  doi = {10.1002/adma.201000740},
  copyright = {Copyright {\copyright} 2010 WILEY-VCH Verlag GmbH \& Co. KGaA, Weinheim}
}

@incollection{guptaSemiconductor2016,
  title = {Semiconductor {{Materials}}: {{Their Properties}}, {{Applications}}, and {{Recent Advances}}},
  booktitle = {Advanced {{Semiconducting Materials}} and {{Devices}}},
  author = {Gupta, K. M. and Gupta, Nishu},
  editor = {Gupta, K.M. and Gupta, Nishu},
  year = {2016},
  pages = {3--40},
  publisher = {Springer International Publishing},
  doi = {10.1007/978-3-319-19758-6_1},
  isbn = {978-3-319-19758-6}
}

@article{guRecent2022,
  title = {Recent Advances in Nanomaterial-assisted Electrochemical Sensors for Food Safety Analysis},
  author = {Gu, Ying and Li, Yonghui and Ren, Dabing and Sun, Liping and Zhuang, Yongliang and Yi, Lunzhao and Wang, Shuo},
  year = {2022},
  journal = {Food Frontiers},
  volume = {3},
  number = {3},
  pages = {453--479},
  issn = {2643-8429, 2643-8429},
  doi = {10.1002/fft2.143},
  copyright = {http://creativecommons.org/licenses/by/4.0/}
}

@article{halsteadFish1964,
  title = {Fish Poisonings-Their Diagnosis, Pharmacology, and Treatment},
  author = {Halstead, Bruce W.},
  year = {1964},
  journal = {Clinical Pharmacology \& Therapeutics},
  volume = {5},
  number = {5},
  pages = {615--627},
  issn = {1532-6535},
  doi = {10.1002/cpt196455615},
  copyright = {{\copyright} 1964 American Society for Clinical Pharmacology and Therapeutics}
}

@article{hammockInvestigation2013,
  title = {Investigation of {{Protein Detection Parameters Using Nanofunctionalized Organic Field-Effect Transistors}}},
  author = {Hammock, Mallory L. and Knopfmacher, Oren and Naab, Benjamin D. and Tok, Jeffrey B.-H. and Bao, Zhenan},
  year = {2013},
  journal = {ACS Nano},
  volume = {7},
  number = {5},
  pages = {3970--3980},
  publisher = {American Chemical Society},
  issn = {1936-0851},
  doi = {10.1021/nn305903q}
}

@article{hanRatiometric2021,
  title = {Ratiometric Fluorescent Sensing Carbendazim in Fruits and Vegetables {\emph{via}} Its Innate Fluorescence Coupling with {{UiO-67}}},
  author = {Han, Yong and He, Xie and Yang, Weixia and Luo, Xueli and Yu, Ying and Tang, Wenzhi and Yue, Tianli and Li, Zhonghong},
  year = {2021},
  journal = {Food Chemistry},
  volume = {345},
  pages = {128839},
  issn = {0308-8146},
  doi = {10.1016/j.foodchem.2020.128839}
}

@article{hardstaffFoodborne2018,
  title = {Foodborne and {{Food-Handler Norovirus Outbreaks}}: {{A Systematic Review}}},
  author = {Hardstaff, Joanne L. and Clough, Helen E. and Lutje, Vittoria and McIntyre, K. Marie and Harris, John P. and Garner, Paul and O'Brien, Sarah J.},
  year = {2018},
  journal = {Foodborne Pathogens and Disease},
  volume = {15},
  number = {10},
  pages = {589--597},
  issn = {1556-7125},
  doi = {10.1089/fpd.2018.2452},
  pmcid = {PMC6201779},
  pmid = {30109958}
}

@article{hassanBiomimetic2019,
  title = {Biomimetic Magnetic Sensor for Electrochemical Determination of Scombrotoxin in Fish},
  author = {Hassan, Amal H. A. and Sappia, Luciano and Moura, Silio Lima and Ali, Fatma H. M. and Moselhy, Walaa A. and Sotomayor, Maria del Pilar Taboada and Pividori, Maria Isabel},
  year = {2019},
  journal = {Talanta},
  volume = {194},
  pages = {997--1004},
  issn = {0039-9140},
  doi = {10.1016/j.talanta.2018.10.066}
}

@article{hatzakisNuclear2019,
  title = {Nuclear {{Magnetic Resonance}} ({{NMR}}) {{Spectroscopy}} in {{Food Science}}: {{A Comprehensive Review}}},
  author = {Hatzakis, Emmanuel},
  year = {2019},
  journal = {Comprehensive Reviews in Food Science and Food Safety},
  volume = {18},
  number = {1},
  pages = {189--220},
  issn = {1541-4337, 1541-4337},
  doi = {10.1111/1541-4337.12408}
}

@article{hayatiCNTMOSFET2010,
  title = {{{CNT-MOSFET}} Modeling Based on Artificial Neural Network: {{Application}} to Simulation of Nanoscale Circuits},
  author = {Hayati, Mohsen and Rezaei, Abbas and Seifi, Majid},
  year = {2010},
  journal = {Solid-State Electronics},
  volume = {54},
  number = {1},
  pages = {52--57},
  issn = {00381101},
  doi = {10.1016/j.sse.2009.09.027},
  copyright = {https://www.elsevier.com/tdm/userlicense/1.0/}
}

@article{heDetection2021,
  title = {Detection of Adulteration in Food Based on Nondestructive Analysis Techniques: A Review},
  author = {He, Yong and Bai, Xiulin and Xiao, Qinlin and Liu, Fei and Zhou, Lei and Zhang, Chu},
  year = {2021},
  journal = {Critical Reviews in Food Science and Nutrition},
  volume = {61},
  number = {14},
  pages = {2351--2371},
  issn = {1040-8398, 1549-7852},
  doi = {10.1080/10408398.2020.1777526}
}

@article{heimfarthEnhancing2022,
  title = {Enhancing {{Electrochemical Transistors Based}} on {{Polymer-Wrapped}} (6,5) {{Carbon Nanotube Networks}} with {{Ethylene Glycol Side Chains}}},
  author = {Heimfarth, Daniel and Balc{\i} Leinen, Merve and Klein, Patrick and Allard, Sybille and Scherf, Ullrich and Zaumseil, Jana},
  year = {2022},
  journal = {ACS Applied Materials \& Interfaces},
  volume = {14},
  number = {6},
  pages = {8209--8217},
  publisher = {American Chemical Society},
  issn = {1944-8244},
  doi = {10.1021/acsami.1c23586}
}

@article{heitzingerModeling2008,
  title = {Modeling and Simulation of Field-Effect Biosensors ({{BioFETs}}) and Their Deployment on the {{nanoHUB}}},
  author = {Heitzinger, C and Kennell, R and Klimeck, G and Mauser, N and McLennan, M and Ringhofer, C},
  year = {2008},
  journal = {Journal of Physics: Conference Series},
  volume = {107},
  pages = {012004},
  issn = {1742-6596},
  doi = {10.1088/1742-6596/107/1/012004}
}

@article{hendricksonSensitive2021,
  title = {Sensitive Lateral Flow Immunoassay for the Detection of Pork Additives in Raw and Cooked Meat Products},
  author = {Hendrickson, Olga D. and Zvereva, Elena A. and Dzantiev, Boris B. and Zherdev, Anatoly V.},
  year = {2021},
  journal = {Food Chemistry},
  volume = {359},
  pages = {129927},
  issn = {0308-8146},
  doi = {10.1016/j.foodchem.2021.129927}
}

@article{herletNew2017,
  title = {A New Method to Evaluate Temperature vs. {{pH}} Activity Profiles for Biotechnological Relevant Enzymes},
  author = {Herlet, J. and Kornberger, P. and Roessler, B. and Glanz, J. and Schwarz, W. H. and Liebl, W. and Zverlov, V. V.},
  year = {2017},
  journal = {Biotechnology for Biofuels},
  volume = {10},
  number = {1},
  pages = {234},
  issn = {1754-6834},
  doi = {10.1186/s13068-017-0923-9}
}

@incollection{heywangSilicon2004,
  title = {Silicon: The {{Semiconductor Material}}},
  booktitle = {Silicon: {{Evolution}} and {{Future}} of a {{Technology}}},
  author = {Heywang, W. and Zaininger, K. H.},
  editor = {Siffert, P. and Krimmel, E. F.},
  year = {2004},
  pages = {25--42},
  publisher = {Springer},
  doi = {10.1007/978-3-662-09897-4_2},
  isbn = {978-3-662-09897-4}
}

@article{hideshimaAttomolar2013,
  title = {Attomolar {{Detection}} of {{Influenza A Virus Hemagglutinin Human H1}} and {{Avian H5 Using Glycan-Blotted Field Effect Transistor Biosensor}}},
  author = {Hideshima, Sho and Hinou, Hiroshi and Ebihara, Daisuke and Sato, Ryosuke and Kuroiwa, Shigeki and Nakanishi, Takuya and Nishimura, Shin-Ichiro and Osaka, Tetsuya},
  year = {2013},
  journal = {Analytical Chemistry},
  volume = {85},
  number = {12},
  pages = {5641--5644},
  publisher = {American Chemical Society},
  issn = {0003-2700},
  doi = {10.1021/ac401085c}
}

@article{hodgesInfectious2010,
  title = {Infectious Diarrhea},
  author = {Hodges, Kim and Gill, Ravinder},
  year = {2010},
  journal = {Gut Microbes},
  publisher = {Taylor \& Francis},
  doi = {10.4161/gmic.1.1.11036},
  copyright = {Copyright {\copyright} 2010 Landes Bioscience}
}

@article{huangLabelfree2013,
  title = {Label-Free Brain Injury Biomarker Detection Based on Highly Sensitive Large Area Organic Thin Film Transistor with Hybrid Coupling Layer},
  author = {Huang, Weiguo and Besar, Kalpana and LeCover, Rachel and Dulloor, Pratima and Sinha, Jasmine and Hardigree, Josue F. Mart{\'i}nez and Pick, Christian and Swavola, Julia and Everett, Allen D. and Frechette, Joelle and Bevan, Michael and Katz, Howard E.},
  year = {2013},
  journal = {Chemical Science},
  volume = {5},
  number = {1},
  pages = {416--426},
  publisher = {The Royal Society of Chemistry},
  issn = {2041-6539},
  doi = {10.1039/C3SC52638K}
}

@article{huetterAnalytical2023,
  title = {Analytical {{Physical Model}} for {{Electrolyte Gated Organic Field Effect Transistors}} in the {{Helmholtz Approximation}}},
  author = {Huetter, Larissa and Kyndiah, Adrica and Gomila, Gabriel},
  year = {2023},
  journal = {Advanced Theory and Simulations},
  volume = {6},
  number = {5},
  pages = {2200696},
  issn = {2513-0390},
  doi = {10.1002/adts.202200696}
}

@article{hulanickiChemical1991,
  title = {Chemical Sensors: Definitions and Classification},
  author = {Hulanicki, A. and Glab, S. and Ingman, F.},
  year = {1991},
  journal = {Pure and Applied Chemistry},
  volume = {63},
  number = {9},
  pages = {1247--1250},
  publisher = {De Gruyter},
  issn = {1365-3075},
  doi = {10.1351/pac199163091247},
  copyright = {De Gruyter expressly reserves the right to use all content for commercial text and data mining within the meaning of Section 44b of the German Copyright Act.}
}

@article{huthFluorescent2018,
  title = {Fluorescent {{Polymer-Single-Walled Carbon Nanotube Complexes}} with {{Charged}} and {{Noncharged Dendronized Perylene Bisimides}} for {{Bioimaging Studies}}},
  author = {Huth, Katharina and Glaeske, Mareen and Achazi, Katharina and Gordeev, Georgy and Kumar, Shiv and Arenal, Ra{\'u}l and Sharma, Sunil K. and Adeli, Mohsen and Setaro, Antonio and Reich, Stephanie and Haag, Rainer},
  year = {2018},
  journal = {Small (Weinheim an Der Bergstrasse, Germany)},
  volume = {14},
  number = {28},
  pages = {e1800796},
  issn = {1613-6829},
  doi = {10.1002/smll.201800796},
  pmid = {29870583}
}

@article{iammarinoAdvanced2022,
  title = {Advanced {{Analysis Techniques}} of {{Food Contaminants}} and {{Risk Assessment}}---{{Editorial}}},
  author = {Iammarino, Marco and Palermo, Carmen and Tomasevic, Igor},
  year = {2022},
  journal = {Applied Sciences},
  volume = {12},
  number = {10},
  pages = {4863},
  publisher = {Multidisciplinary Digital Publishing Institute},
  issn = {2076-3417},
  doi = {10.3390/app12104863},
  copyright = {http://creativecommons.org/licenses/by/3.0/}
}

@article{ignestiNew2016,
  title = {A New Class of Optical Sensors: A Random Laser Based Device},
  author = {Ignesti, Emilio and Tommasi, Federico and Fini, Lorenzo and Martelli, Fabrizio and Azzali, Niccol{\`o} and Cavalieri, Stefano},
  year = {2016},
  journal = {Scientific Reports},
  volume = {6},
  number = {1},
  pages = {35225},
  publisher = {Nature Publishing Group},
  issn = {2045-2322},
  doi = {10.1038/srep35225},
  copyright = {2016 The Author(s)}
}

@article{igwaranHuman2019,
  title = {Human Campylobacteriosis: {{A}} Public Health Concern of Global Importance},
  author = {Igwaran, Aboi and Okoh, Anthony Ifeanyi},
  year = {2019},
  journal = {Heliyon},
  volume = {5},
  number = {11},
  publisher = {Elsevier},
  issn = {2405-8440},
  doi = {10.1016/j.heliyon.2019.e02814},
  pmid = {31763476}
}

@article{iijimaHelical1991,
  title = {Helical Microtubules of Graphitic Carbon},
  author = {Iijima, Sumio},
  year = {1991},
  journal = {Nature},
  volume = {354},
  number = {6348},
  pages = {56--58},
  publisher = {Nature Publishing Group},
  issn = {1476-4687},
  doi = {10.1038/354056a0},
  copyright = {1991 Springer Nature Limited}
}

@misc{Intel,
  title = {Intel {{Puts}} the {{Brakes}} on {{Moore}}'s {{Law}}},
  journal = {MIT Technology Review},
  howpublished = {https://www.technologyreview.com/2016/03/23/8768/intel-puts-the-brakes-on-moores-law/}
}

@article{Introduction,
  title = {Introduction to {{COMSOL Multiphysics}}}
}

@article{iskierkoExtendedgate2015,
  title = {Extended-Gate Field-Effect Transistor ({{EG-FET}}) with Molecularly Imprinted Polymer ({{MIP}}) Film for Selective Inosine Determination},
  author = {Iskierko, Zofia and Sosnowska, Marta and Sharma, Piyush Sindhu and Benincori, Tiziana and D'Souza, Francis and Kaminska, Izabela and Fronc, Krzysztof and Noworyta, Krzysztof},
  year = {2015},
  journal = {Biosensors and Bioelectronics},
  volume = {74},
  pages = {526--533},
  issn = {0956-5663},
  doi = {10.1016/j.bios.2015.06.073}
}

@misc{ISO2018,
  title = {{{ISO}} 22000:2018},
  year = {2018},
  journal = {ISO},
  howpublished = {https://www.iso.org/standard/65464.html}
}

@article{jacobsControlling2017,
  title = {Controlling {{Molecular Doping}} in {{Organic Semiconductors}}},
  author = {Jacobs, Ian E. and Moul{\'e}, Adam J.},
  year = {2017},
  journal = {Advanced Materials},
  volume = {29},
  number = {42},
  pages = {1703063},
  issn = {1521-4095},
  doi = {10.1002/adma.201703063},
  copyright = {{\copyright} 2017 WILEY-VCH Verlag GmbH \& Co. KGaA, Weinheim}
}

@article{javaidSensors2021,
  title = {Sensors for Daily Life: {{A}} Review},
  author = {Javaid, Mohd and Haleem, Abid and Rab, Shanay and Pratap Singh, Ravi and Suman, Rajiv},
  year = {2021},
  journal = {Sensors International},
  volume = {2},
  pages = {100121},
  issn = {2666-3511},
  doi = {10.1016/j.sintl.2021.100121}
}

@article{javeyCarbon2004,
  title = {Carbon {{Nanotube Field-Effect Transistors}} with {{Integrated Ohmic Contacts}} and {{High-$\kappa$ Gate Dielectrics}}},
  author = {Javey, Ali and Guo, Jing and Farmer, Damon B. and Wang, Qian and Wang, Dunwei and Gordon, Roy G. and Lundstrom, Mark and Dai, Hongjie},
  year = {2004},
  journal = {Nano Letters},
  volume = {4},
  number = {3},
  pages = {447--450},
  publisher = {American Chemical Society},
  issn = {1530-6984},
  doi = {10.1021/nl035185x}
}

@article{jiHighPerformance2013,
  title = {A {{High-Performance Room-Temperature NO2 Sensor Based}} on {{An Ultrathin Heterojunction Film}}},
  author = {Ji, Shiliang and Wang, Haibo and Wang, Tong and Yan, Donghang},
  year = {2013},
  journal = {Advanced Materials},
  volume = {25},
  number = {12},
  pages = {1755--1760},
  issn = {1521-4095},
  doi = {10.1002/adma.201204134},
  copyright = {Copyright {\copyright} 2013 WILEY-VCH Verlag GmbH \& Co. KGaA, Weinheim}
}

@article{johnchelliahCurrent2017,
  title = {Current Trends in Changing the Channel in {{MOSFETs}} by {{III}}--{{V}} Semiconducting Nanostructures},
  author = {John Chelliah, Cyril R.A. and Swaminathan, Rajesh},
  year = {2017},
  journal = {Nanotechnology Reviews},
  volume = {6},
  number = {6},
  pages = {613--623},
  issn = {2191-9097, 2191-9089},
  doi = {10.1515/ntrev-2017-0155},
  copyright = {http://creativecommons.org/licenses/by-nc-nd/3.0/}
}

@article{joshiUsing2018,
  title = {Using {{Lipophilic Membrane}} for {{Enhanced}}-{{Performance Aqueous Gated Carbon Nanotube Field Effect Transistors}}},
  author = {Joshi, Saumya and Bhatt, Vijay Deep and Jaworska, Ewa and Becherer, Markus and Maksymiuk, Krzysztof and Michalska, Agata and Lugli, Paolo},
  year = {2018},
  journal = {physica status solidi (a)},
  volume = {215},
  number = {11},
  pages = {1700993},
  issn = {1862-6300, 1862-6319},
  doi = {10.1002/pssa.201700993}
}

@article{joshiUnderstanding2018,
  title = {Understanding the Influence of In-Plane Gate Electrode Design on Electrolyte Gated Transistor},
  author = {Joshi, Saumya and Bhatt, Vijay Deep and Rani, Himanshi and Becherer, Markus and Lugli, Paolo},
  year = {2018},
  journal = {Microelectronic Engineering},
  volume = {199},
  pages = {87--91},
  issn = {0167-9317},
  doi = {10.1016/j.mee.2018.07.019}
}

@article{kabirazConventional2023,
  title = {Conventional and Advanced Detection Techniques of Foodborne Pathogens: {{A}} Comprehensive Review},
  author = {Kabiraz, Meera Probha and Majumdar, Priyanka Rani and Mahmud, M. M. Chayan and Bhowmik, Shuva and Ali, Azam},
  year = {2023},
  journal = {Heliyon},
  volume = {9},
  number = {4},
  pages = {e15482},
  issn = {2405-8440},
  doi = {10.1016/j.heliyon.2023.e15482}
}

@article{kellNonFaradaic1991,
  title = {Non-{{Faradaic}} Electrochemical Sensors: Principles and Practice},
  author = {Kell, Douglas B. and Woodward, Andrew M. and Cade, Nigel J. and Gibbs, T. Kim and Iredale, P. Julian and Williams, Debra A.},
  year = {1991},
  journal = {Analytical Proceedings},
  volume = {28},
  number = {11},
  pages = {378--381},
  publisher = {The Royal Society of Chemistry},
  issn = {0144-557X},
  doi = {10.1039/AP9912800378}
}

@article{khanSitu2010,
  title = {In {{Situ}}, {{Label-Free DNA Detection Using Organic Transistor Sensors}}},
  author = {Khan, Hadayat Ullah and Roberts, Mark E. and Johnson, Olasupo and F{\"o}rch, Renate and Knoll, Wolfgang and Bao, Zhenan},
  year = {2010},
  journal = {Advanced Materials},
  volume = {22},
  number = {40},
  pages = {4452--4456},
  issn = {1521-4095},
  doi = {10.1002/adma.201000790},
  copyright = {Copyright {\copyright} 2010 WILEY-VCH Verlag GmbH \& Co. KGaA, Weinheim}
}

@article{kicinskiTransition2020,
  title = {Transition Metal Impurities in Carbon-Based Materials: {{Pitfalls}}, Artifacts and Deleterious Effects},
  author = {Kici{\'n}ski, Wojciech and Dyjak, S{\l}awomir},
  year = {2020},
  journal = {Carbon},
  volume = {168},
  pages = {748--845},
  issn = {0008-6223},
  doi = {10.1016/j.carbon.2020.06.004}
}

@techreport{kilbyMiniaturized1964,
  title = {Miniaturized Electronic Circuits},
  author = {Kilby, Jack S.},
  year = {1964},
  number = {US3138743A}
}

@article{kimDNA2011,
  title = {{{DNA}} Hybridization Sensor Based on Pentacene Thin Film Transistor},
  author = {Kim, Jung-Min and Jha, Sandeep Kumar and Chand, Rohit and Lee, Dong-Hoon and Kim, Yong-Sang},
  year = {2011},
  journal = {Biosensors and Bioelectronics},
  volume = {26},
  number = {5},
  pages = {2264--2269},
  issn = {0956-5663},
  doi = {10.1016/j.bios.2010.09.047}
}

@article{kimElectrolyteGated2013,
  title = {Electrolyte-{{Gated Transistors}} for {{Organic}} and {{Printed Electronics}}},
  author = {Kim, Se Hyun and Hong, Kihyon and Xie, Wei and Lee, Keun Hyung and Zhang, Sipei and Lodge, Timothy P. and Frisbie, C. Daniel},
  year = {2013},
  journal = {Advanced Materials},
  volume = {25},
  number = {13},
  pages = {1822--1846},
  issn = {1521-4095},
  doi = {10.1002/adma.201202790},
  copyright = {Copyright {\copyright} 2013 WILEY-VCH Verlag GmbH \& Co. KGaA, Weinheim}
}

@article{kimExposure2017,
  title = {Exposure to Pesticides and the Associated Human Health Effects},
  author = {Kim, Ki-Hyun and Kabir, Ehsanul and Jahan, Shamin Ara},
  year = {2017},
  journal = {Science of The Total Environment},
  volume = {575},
  pages = {525--535},
  issn = {0048-9697},
  doi = {10.1016/j.scitotenv.2016.09.009}
}

@article{kimHysteresis2003,
  title = {Hysteresis {{Caused}} by {{Water Molecules}} in {{Carbon Nanotube Field-Effect Transistors}}},
  author = {Kim, Woong and Javey, Ali and Vermesh, Ophir and Wang, Qian and Li, Yiming and Dai, Hongjie},
  year = {2003},
  journal = {Nano Letters},
  volume = {3},
  number = {2},
  pages = {193--198},
  publisher = {American Chemical Society},
  issn = {1530-6984},
  doi = {10.1021/nl0259232}
}

@article{kimIntegrated2011,
  title = {Integrated {{Circuit Design Based}} on {{Carbon Nanotube Field Effect Transistor}}},
  author = {Kim, Yong-Bin},
  year = {2011},
  journal = {Transactions on Electrical and Electronic Materials},
  volume = {12},
  number = {5},
  pages = {175--188},
  publisher = {{The Korean Institute of Electrical and Electronic Material Engineers}},
  issn = {1229-7607},
  doi = {10.4313/TEEM.2011.12.5.175}
}

@article{kimUltrasensitive2022,
  title = {An {{Ultrasensitive Silicon-Based Electrolyte-Gated Transistor}} for the {{Detection}} of {{Peanut Allergens}}},
  author = {Kim, Donghoon and Jin, Bo and Kim, Sol-A. and Choi, Wonyeong and Shin, Seonghwan and Park, Jiwon and Shim, Won-Bo and Kim, Kihyun and Lee, Jeong-Soo},
  year = {2022},
  journal = {Biosensors},
  volume = {12},
  number = {1},
  pages = {24},
  publisher = {Multidisciplinary Digital Publishing Institute},
  issn = {2079-6374},
  doi = {10.3390/bios12010024},
  copyright = {http://creativecommons.org/licenses/by/3.0/}
}

@article{kirkWorld2015,
  title = {World {{Health Organization Estimates}} of the {{Global}} and {{Regional Disease Burden}} of 22 {{Foodborne Bacterial}}, {{Protozoal}}, and {{Viral Diseases}}, 2010: {{A Data Synthesis}}},
  author = {Kirk, Martyn D. and Pires, Sara M. and Black, Robert E. and Caipo, Marisa and Crump, John A. and Devleesschauwer, Brecht and D{\"o}pfer, D{\"o}rte and Fazil, Aamir and {Fischer-Walker}, Christa L. and Hald, Tine and Hall, Aron J. and Keddy, Karen H. and Lake, Robin J. and Lanata, Claudio F. and Torgerson, Paul R. and Havelaar, Arie H. and Angulo, Frederick J.},
  editor = {Von Seidlein, Lorenz},
  year = {2015},
  journal = {PLOS Medicine},
  volume = {12},
  number = {12},
  pages = {e1001921},
  issn = {1549-1676},
  doi = {10.1371/journal.pmed.1001921}
}

@article{knopfmacherHighly2014,
  title = {Highly Stable Organic Polymer Field-Effect Transistor Sensor for Selective Detection in the Marine Environment},
  author = {Knopfmacher, Oren and Hammock, Mallory L. and Appleton, Anthony L. and Schwartz, Gregor and Mei, Jianguo and Lei, Ting and Pei, Jian and Bao, Zhenan},
  year = {2014},
  journal = {Nature Communications},
  volume = {5},
  number = {1},
  pages = {2954},
  publisher = {Nature Publishing Group},
  issn = {2041-1723},
  doi = {10.1038/ncomms3954},
  copyright = {2014 Springer Nature Limited}
}

@article{kourtiOptical2023,
  title = {Optical {{Immunosensors}} for {{Bacteria Detection}} in {{Food Matrices}}},
  author = {Kourti, Dimitra and Angelopoulou, Michailia and Petrou, Panagiota and Kakabakos, Sotirios},
  year = {2023},
  journal = {Chemosensors},
  volume = {11},
  number = {8},
  pages = {430},
  publisher = {Multidisciplinary Digital Publishing Institute},
  issn = {2227-9040},
  doi = {10.3390/chemosensors11080430},
  copyright = {http://creativecommons.org/licenses/by/3.0/}
}

@article{krsihnaRecent2021,
  title = {Recent Developments in Graphene Based Field Effect Transistors},
  author = {Krsihna, B. Vamsi and Ravi, S. and Prakash, M. Durga},
  year = {2021},
  journal = {Materials Today: Proceedings},
  volume = {45},
  pages = {1524--1528},
  issn = {22147853},
  doi = {10.1016/j.matpr.2020.07.678}
}

@inproceedings{kumarCarbon2023,
  title = {Carbon {{Nanotube Field Effect Transistors}}: {{An Aspect}} of {{Low Power}} and {{High Frequency Applications}} of {{CNTFETs}}},
  booktitle = {2023 {{International Conference}} on {{Disruptive Technologies}} ({{ICDT}})},
  author = {Kumar, Gagnesh and Agrawal, Sunil},
  year = {2023},
  pages = {586--590},
  publisher = {IEEE},
  doi = {10.1109/ICDT57929.2023.10151349},
  isbn = {979-8-3503-2388-7}
}

@article{lagoRealtime2022,
  title = {Real-Time Threshold Voltage Compensation on Dual-Gate Electrolyte-Gated Organic Field-Effect Transistors},
  author = {Lago, Nicol{\`o} and Buonomo, Marco and {Ruiz-Molina}, Sara and Pollesel, Andrea and Hensel, Rafael Cintra and Sedona, Francesco and Sambi, Mauro and {Mas-Torrent}, Marta and Casalini, Stefano and Cester, Andrea},
  year = {2022},
  journal = {Organic Electronics},
  volume = {106},
  pages = {106531},
  issn = {1566-1199},
  doi = {10.1016/j.orgel.2022.106531}
}

@article{landeteUpdated2008,
  title = {Updated {{Molecular Knowledge}} about {{Histamine Biosynthesis}} by {{Bacteria}}},
  author = {Landete, Jos{\'e} Mar{\'i}a and De Las Rivas, Blanca and Marcobal, Angela and Mu{\~n}oz, Rosario},
  year = {2008},
  journal = {Critical Reviews in Food Science and Nutrition},
  volume = {48},
  number = {8},
  pages = {697--714},
  issn = {1040-8398, 1549-7852},
  doi = {10.1080/10408390701639041}
}

@article{leeEtiological2021,
  title = {Etiological {{Agents Implicated}} in {{Foodborne Illness World Wide}}},
  author = {Lee, Heeyoung and Yoon, Yohan},
  year = {2021},
  journal = {Food Science of Animal Resources},
  volume = {41},
  number = {1},
  pages = {1--7},
  publisher = {Korean Society for Food Science of Animal Resources},
  issn = {2636-0780, 2636-0772},
  doi = {10.5851/kosfa.2020.e75}
}

@article{leungHuman2021,
  title = {Human {{Ascariasis}}: {{An Updated Review}}},
  author = {Leung, Alexander K.C. and Leung, Amy A.M. and Wong, Alex H.C. and Hon, Kam L.},
  year = {2021},
  journal = {Recent Patents on Inflammation \& Allergy Drug Discovery},
  volume = {14},
  number = {2},
  pages = {133--145},
  issn = {1872213X},
  doi = {10.2174/1872213X14666200705235757}
}

@article{liChemical2019,
  title = {Chemical and {{Biomolecule Sensing}} with {{Organic Field-Effect Transistors}}},
  author = {Li, Hui and Shi, Wei and Song, Jian and Jang, Hyun-June and Dailey, Jennifer and Yu, Junsheng and Katz, Howard E.},
  year = {2019},
  journal = {Chemical Reviews},
  volume = {119},
  number = {1},
  pages = {3--35},
  publisher = {American Chemical Society},
  issn = {0009-2665},
  doi = {10.1021/acs.chemrev.8b00016}
}

@article{lidowEnhancement2011,
  title = {Enhancement {{Mode Gallium Nitride}} ({{eGaNTM}}) {{FET Characteristics}} under {{Long Term Stress}}},
  author = {Lidow, Alexander and Witcher, J Brandon and Smalley, Ken},
  year = {2011}
}

@article{liImportance2014,
  title = {The Importance of the Viable but Non-Culturable State in Human Bacterial Pathogens},
  author = {Li, Laam and Mendis, Nilmini and Trigui, Hana and Oliver, James D. and Faucher, Sebastien P.},
  year = {2014},
  journal = {Frontiers in Microbiology},
  volume = {5},
  publisher = {Frontiers},
  issn = {1664-302X},
  doi = {10.3389/fmicb.2014.00258}
}

@article{liLuminescent2020,
  title = {Luminescent {{DNAzyme}} and Universal Blocking Linker {{Super Polymerase Chain Reaction}} Visual Biosensor for the Detection of {{Salmonella}}},
  author = {Li, ShuTing and Zhang, Yuan and Tian, JingJing and Xu, WenTao},
  year = {2020},
  journal = {Food Chemistry},
  volume = {324},
  pages = {126859},
  issn = {03088146},
  doi = {10.1016/j.foodchem.2020.126859}
}

@article{linOrganic2012,
  title = {Organic {{Thin-Film Transistors}} for {{Chemical}} and {{Biological Sensing}}},
  author = {Lin, Peng and Yan, Feng},
  year = {2012},
  journal = {Advanced Materials},
  volume = {24},
  number = {1},
  pages = {34--51},
  publisher = {John Wiley \& Sons, Ltd},
  issn = {1521-4095},
  doi = {10.1002/adma.201103334}
}

@article{liRapid2021,
  title = {Rapid Quantitative Detection for Multiple Antibiotics in Honey Using a Quantum Dot Microsphere Immunochromatographic Strip},
  author = {Li, Yue and Li, Jiahao and Huang, Huachuan and Jian, Dan and Shan, Yanke and Wang, Shouyu and Liu, Fei},
  year = {2021},
  journal = {Food Control},
  volume = {130},
  pages = {108256},
  issn = {0956-7135},
  doi = {10.1016/j.foodcont.2021.108256}
}

@article{liResearch2022,
  title = {Research {{Progress}} of {{Nanomaterials-Based Sensors}} for {{Food Safety}}},
  author = {Li, Yuan-Xin and Qin, Hai-Yang and Hu, Can and Sun, Meng-Meng and Li, Pei-Yi and Liu, Huan and Li, Jin-Cheng and Li, Zhi-Bo and Wu, Li-Dong and Zhu, Jun},
  year = {2022},
  journal = {Journal of Analysis and Testing},
  volume = {6},
  number = {4},
  pages = {431--440},
  issn = {2509-4696},
  doi = {10.1007/s41664-022-00235-x}
}

@article{liuReview2021,
  title = {A {{Review}} on {{Metal-}} and {{Metal Oxide-Based Nanozymes}}: {{Properties}}, {{Mechanisms}}, and {{Applications}}},
  author = {Liu, Qianwen and Zhang, Amin and Wang, Ruhao and Zhang, Qian and Cui, Daxiang},
  year = {2021},
  journal = {Nano-Micro Letters},
  volume = {13},
  number = {1},
  pages = {154},
  issn = {2150-5551},
  doi = {10.1007/s40820-021-00674-8}
}

@article{loggAutomating2007,
  title = {Automating the {{Finite Element Method}}},
  author = {Logg, Anders},
  year = {2007},
  journal = {Archives of Computational Methods in Engineering},
  volume = {14},
  number = {2},
  pages = {93--138},
  issn = {1886-1784},
  doi = {10.1007/s11831-007-9003-9}
}

@article{loiFlexible2005,
  title = {Flexible, Organic, Ion-Sensitive Field-Effect Transistor},
  author = {Loi, Andrea and Manunza, Ileana and Bonfiglio, Annalisa},
  year = {2005},
  journal = {Applied Physics Letters},
  volume = {86},
  number = {10},
  pages = {103512},
  issn = {0003-6951},
  doi = {10.1063/1.1873051}
}

@article{lopmanEnvironmental2012,
  title = {Environmental Transmission of Norovirus Gastroenteritis},
  author = {Lopman, Ben and Gasta{\~n}aduy, Paul and Park, Geun Woo and Hall, Aron J and Parashar, Umesh D and Vinj{\'e}, Jan},
  year = {2012},
  journal = {Current Opinion in Virology},
  volume = {2},
  number = {1},
  pages = {96--102},
  issn = {1879-6257},
  doi = {10.1016/j.coviro.2011.11.005}
}

@article{maAntimicrobial2019,
  title = {Antimicrobial Activity of Anthocyanins and Catechins against Foodborne Pathogens {{{\emph{Escherichia}}}}{\emph{ Coli}} and {{{\emph{Salmonella}}}}},
  author = {Ma, Yong and Ding, Sujuan and Fei, Yanquan and Liu, Gang and Jang, Hongmei and Fang, Jun},
  year = {2019},
  journal = {Food Control},
  volume = {106},
  pages = {106712},
  issn = {0956-7135},
  doi = {10.1016/j.foodcont.2019.106712}
}

@article{macchiaSelective2019,
  title = {Selective Single-Molecule Analytical Detection of {{C-reactive}} Protein in Saliva with an Organic Transistor},
  author = {Macchia, Eleonora and Manoli, Kyriaki and Holzer, Brigitte and Di Franco, Cinzia and Picca, Rosaria A. and Cioffi, Nicola and Scamarcio, Gaetano and Palazzo, Gerardo and Torsi, Luisa},
  year = {2019},
  journal = {Analytical and Bioanalytical Chemistry},
  volume = {411},
  number = {19},
  pages = {4899--4908},
  issn = {1618-2650},
  doi = {10.1007/s00216-019-01778-2}
}

@article{magliuloElectrolyteGated2013,
  title = {Electrolyte-{{Gated Organic Field-Effect Transistor Sensors Based}} on {{Supported Biotinylated Phospholipid Bilayer}}},
  author = {Magliulo, Maria and Mallardi, Antonia and Mulla, Mohammad Yusuf and Cotrone, Serafina and Pistillo, Bianca Rita and Favia, Pietro and {Vikholm-Lundin}, Inger and Palazzo, Gerardo and Torsi, Luisa},
  year = {2013},
  journal = {Advanced Materials},
  volume = {25},
  number = {14},
  pages = {2090--2094},
  issn = {1521-4095},
  doi = {10.1002/adma.201203587},
  copyright = {Copyright {\copyright} 2013 WILEY-VCH Verlag GmbH \& Co. KGaA, Weinheim}
}

@article{magliuloLabelfree2016,
  title = {Label-Free {{C-reactive}} Protein Electronic Detection with an Electrolyte-Gated Organic Field-Effect Transistor-Based Immunosensor},
  author = {Magliulo, Maria and De Tullio, Donato and {Vikholm-Lundin}, Inger and Albers, Willem M. and Munter, Tony and Manoli, Kyriaki and Palazzo, Gerardo and Torsi, Luisa},
  year = {2016},
  journal = {Analytical and Bioanalytical Chemistry},
  volume = {408},
  number = {15},
  pages = {3943--3952},
  issn = {1618-2650},
  doi = {10.1007/s00216-016-9502-3}
}

@article{maijalaEffect1993,
  title = {The {{Effect}} of {{GDL-induced pH Decrease}} on the {{Formation}} of {{Biogenic Amines}} in {{Meat}}},
  author = {Maijala, Riitta L. and Eerola, Susanna H. and Aho, Matti A. and Hirn, Jorma A.},
  year = {1993},
  journal = {Journal of Food Protection},
  volume = {56},
  number = {2},
  pages = {125--129},
  issn = {0362-028X},
  doi = {10.4315/0362-028X-56.2.125}
}

@article{makHighlysensitive2015,
  title = {Highly-Sensitive Epinephrine Sensors Based on Organic Electrochemical Transistors with Carbon Nanomaterial Modified Gate Electrodes},
  author = {Mak, Chun Hin and Liao, Caizhi and Fu, Ying and Zhang, Meng and Tang, Chun Yin and Tsang, Yuen Hong and Chan, Helen L. W. and Yan, Feng},
  year = {2015},
  journal = {Journal of Materials Chemistry C},
  volume = {3},
  number = {25},
  pages = {6532--6538},
  publisher = {The Royal Society of Chemistry},
  issn = {2050-7534},
  doi = {10.1039/C5TC01100K}
}

@article{malikLiquid2010,
  title = {Liquid Chromatography--Mass Spectrometry in Food Safety},
  author = {Malik, Ashok Kumar and Blasco, Cristina and Pic{\'o}, Yolanda},
  year = {2010},
  journal = {Journal of Chromatography A},
  volume = {1217},
  number = {25},
  pages = {4018--4040},
  issn = {00219673},
  doi = {10.1016/j.chroma.2010.03.015},
  copyright = {https://www.elsevier.com/tdm/userlicense/1.0/}
}

@article{manunzaPressure2007,
  title = {Pressure Sensing Using a Completely Flexible Organic Transistor},
  author = {Manunza, I. and Bonfiglio, A.},
  year = {2007},
  journal = {Biosensors and Bioelectronics},
  volume = {22},
  number = {12},
  pages = {2775--2779},
  issn = {0956-5663},
  doi = {10.1016/j.bios.2007.01.021}
}

@article{maqboolReview2024,
  title = {Review of {{Carbon Nanotube Field Effect Transistor}} for {{Nanoscale Regime}}},
  author = {Maqbool, Mehwish and Sharma, Vijay Kumar},
  year = {2024},
  journal = {Current Nanoscience},
  volume = {20},
  number = {4},
  pages = {459--470},
  issn = {15734137},
  doi = {10.2174/1573413719666230510101913}
}

@article{marvinEarly2009,
  title = {Early Identification Systems for Emerging Foodborne Hazards},
  author = {Marvin, H. J. P. and Kleter, G. A. and Prandini, A. and Dekkers, S. and Bolton, D. J.},
  year = {2009},
  journal = {Food and Chemical Toxicology},
  volume = {47},
  number = {5},
  pages = {915--926},
  issn = {0278-6915},
  doi = {10.1016/j.fct.2007.12.021}
}

@article{masseyModeling2021,
  title = {Modeling the {{Double Layer Capacitance Effect}} in {{Electrolyte Gated FETs}} with {{Gel}} and {{Aqueous Electrolytes}}},
  author = {Massey, Roslyn and Prakash, Ravi},
  year = {2021},
  journal = {Micromachines},
  volume = {12},
  number = {12},
  pages = {1569},
  issn = {2072-666X},
  doi = {10.3390/mi12121569},
  copyright = {https://creativecommons.org/licenses/by/4.0/}
}

@article{mathanDiarrhoeal1998,
  title = {Diarrhoeal Diseases},
  author = {Mathan, V I},
  year = {1998},
  journal = {British Medical Bulletin},
  volume = {54},
  number = {2},
  pages = {407--419},
  issn = {0007-1420},
  doi = {10.1093/oxfordjournals.bmb.a011697}
}

@article{mceuenElectron2004,
  title = {Electron {{Transport}} in {{Single-Walled Carbon Nanotubes}}},
  author = {McEuen, Paul L. and Park, Ji-Yong},
  year = {2004},
  journal = {MRS Bulletin},
  volume = {29},
  number = {4},
  pages = {272--275},
  issn = {1938-1425},
  doi = {10.1557/mrs2004.79}
}

@article{mceuenSinglewalled2002,
  title = {Single-Walled Carbon Nanotube Electronics},
  author = {McEuen, P.L. and Fuhrer, M.S. and Park, Hongkun},
  year = {2002},
  journal = {IEEE Transactions on Nanotechnology},
  volume = {1},
  number = {1},
  pages = {78--85},
  issn = {1941-0085},
  doi = {10.1109/TNANO.2002.1005429}
}

@article{mehrotraBiosensors2016,
  title = {Biosensors and Their Applications -- {{A}} Review},
  author = {Mehrotra, Parikha},
  year = {2016},
  journal = {Journal of Oral Biology and Craniofacial Research},
  volume = {6},
  number = {2},
  pages = {153--159},
  issn = {2212-4268},
  doi = {10.1016/j.jobcr.2015.12.002}
}

@article{melzerCharacterization2014,
  title = {Characterization and Simulation of Electrolyte-Gated Organic Field-Effect Transistors},
  author = {Melzer, Katharina and Br{\"a}ndlein, Marcel and Popescu, Bogdan and Popescu, Dan and Lugli, Paolo and Scarpa, Giuseppe},
  year = {2014},
  journal = {Faraday Discussions},
  volume = {174},
  number = {0},
  pages = {399--411},
  publisher = {Royal Society of Chemistry},
  doi = {10.1039/C4FD00095A}
}

@article{melzerFlexible2015,
  title = {Flexible {{Electrolyte-Gated Ion-Selective Sensors Based}} on {{Carbon Nanotube Networks}}},
  author = {Melzer, Katharina and Bhatt, Vijay Deep and Schuster, Tobias and Jaworska, Ewa and Maksymiuk, Krzysztof and Michalska, Agata and Lugli, Paolo and Scarpa, Giuseppe},
  year = {2015},
  journal = {IEEE Sensors Journal},
  volume = {15},
  number = {6},
  pages = {3127--3134},
  issn = {1558-1748},
  doi = {10.1109/JSEN.2014.2362679}
}

@article{michalskiDetermination2021,
  title = {Determination of Ammonium and Biogenic Amines by Ion Chromatography. {{A}} Review},
  author = {Michalski, Rajmund and {Pecyna-Utylska}, Paulina and Kernert, Joanna},
  year = {2021},
  journal = {Journal of Chromatography A},
  volume = {1651},
  pages = {462319},
  issn = {0021-9673},
  doi = {10.1016/j.chroma.2021.462319}
}

@article{minamiExtendedgate2014,
  title = {An Extended-Gate Type Organic Field Effect Transistor Functionalised by Phenylboronic Acid for Saccharide Detection in Water},
  author = {Minami, Tsuyoshi and Minamiki, Tsukuru and Hashima, Yuki and Yokoyama, Daisuke and Sekine, Tomohito and Fukuda, Kenjiro and Kumaki, Daisuke and Tokito, Shizuo},
  year = {2014},
  journal = {Chemical Communications},
  volume = {50},
  number = {98},
  pages = {15613--15615},
  publisher = {The Royal Society of Chemistry},
  issn = {1364-548X},
  doi = {10.1039/C4CC07498J}
}

@article{minamiExtendedgate2015,
  title = {An {{Extended-gate Type Organic FET Based Biosensor}} for {{Detecting Biogenic Amines}} in {{Aqueous Solution}}},
  author = {Minami, Tsuyoshi and Sato, Tsubasa and Minamiki, Tsukuru and Tokito, Shizuo},
  year = {2015},
  journal = {Analytical Sciences},
  volume = {31},
  number = {7},
  pages = {721--724},
  issn = {1348-2246},
  doi = {10.2116/analsci.31.721}
}

@article{minamiExtendedgate2015a,
  title = {An {{Extended-gate Type Organic FET Based Biosensor}} for {{Detecting Biogenic Amines}} in {{Aqueous Solution}}},
  author = {Minami, Tsuyoshi and Sato, Tsubasa and Minamiki, Tsukuru and Tokito, Shizuo},
  year = {2015},
  journal = {Analytical Sciences},
  volume = {31},
  number = {7},
  pages = {721--724},
  issn = {1348-2246},
  doi = {10.2116/analsci.31.721}
}

@article{minamikiExtendedgate2015,
  title = {Extended-Gate Organic Field-Effect Transistor for the Detection of Histamine in Water},
  author = {Minamiki, Tsukuru and Minami, Tsuyoshi and Yokoyama, Daisuke and Fukuda, Kenjiro and Kumaki, Daisuke and Tokito, Shizuo},
  year = {2015},
  journal = {Japanese Journal of Applied Physics},
  volume = {54},
  number = {4S},
  pages = {04DK02},
  publisher = {IOP Publishing},
  issn = {1347-4065},
  doi = {10.7567/JJAP.54.04DK02}
}

@article{mitsubayashiAnalysis1994,
  title = {Analysis of Metabolites in Sweat as a Measure of Physical Condition},
  author = {Mitsubayashi, Kohji and Suzuki, Masayasu and Tamiya, Eiichi and Karube, Isao},
  year = {1994},
  journal = {Analytica Chimica Acta},
  volume = {289},
  number = {1},
  pages = {27--34},
  issn = {0003-2670},
  doi = {10.1016/0003-2670(94)80004-9}
}

@article{miyajimaHighaspectratio1995,
  title = {High-Aspect-Ratio Photolithography for {{MEMS}} Applications},
  author = {Miyajima, H. and Mehregany, M.},
  year = {1995},
  journal = {Journal of Microelectromechanical Systems},
  volume = {4},
  number = {4},
  pages = {220--229},
  issn = {1941-0158},
  doi = {10.1109/84.475549}
}

@article{molazemhosseiniRapidly2021,
  title = {A {{Rapidly Stabilizing Water-Gated Field-Effect Transistor Based}} on {{Printed Single-Walled Carbon Nanotubes}} for {{Biosensing Applications}}},
  author = {Molazemhosseini, Alireza and Viola, Fabrizio Antonio and Berger, Felix J. and Zorn, Nicolas F. and Zaumseil, Jana and Caironi, Mario},
  year = {2021},
  journal = {ACS Applied Electronic Materials},
  volume = {3},
  number = {7},
  pages = {3106--3113},
  issn = {2637-6113, 2637-6113},
  doi = {10.1021/acsaelm.1c00332}
}

@article{moonGraphene2012,
  title = {Graphene Field-Effect Transistor for Radio-Frequency Applications : Review},
  author = {Moon, Jeong-Sun},
  year = {2012},
  journal = {Carbon letters},
  volume = {13},
  number = {1},
  pages = {17--22},
  publisher = {Korean Carbon Society},
  issn = {1976-4251},
  doi = {10.5714/CL.2012.13.1.017}
}

@article{mooreCramming1965,
  title = {Cramming More Components onto Integrated Circuits},
  author = {Moore, Gordon E},
  year = {1965},
  volume = {38},
  number = {8}
}

@article{moralesGuide2018,
  title = {Guide to {{Selecting}} a {{Biorecognition Element}} for {{Biosensors}}},
  author = {Morales, Marissa A. and Halpern, Jeffrey Mark},
  year = {2018},
  journal = {Bioconjugate Chemistry},
  volume = {29},
  number = {10},
  pages = {3231--3239},
  publisher = {American Chemical Society},
  issn = {1043-1802},
  doi = {10.1021/acs.bioconjchem.8b00592}
}

@article{moyanoMagnetic2019,
  title = {Magnetic Immunochromatographic Test for Histamine Detection in Wine},
  author = {Moyano, Amanda and Salvador, Mar{\'i}a and {Mart{\'i}nez-Garc{\'i}a}, Jos{\'e} C. and Socoliuc, Vlad and V{\'e}k{\'a}s, Ladislau and Peddis, Davide and Alvarez, Miguel A. and Fern{\'a}ndez, Mar{\'i}a and Rivas, Montserrat and {Blanco-L{\'o}pez}, M. Carmen},
  year = {2019},
  journal = {Analytical and Bioanalytical Chemistry},
  volume = {411},
  number = {25},
  pages = {6615--6624},
  issn = {1618-2650},
  doi = {10.1007/s00216-019-02031-6}
}

@article{munHighly2017,
  title = {Highly {{Sensitive Ammonia Gas Sensor Based}} on {{Single-Crystal Poly}}(3-Hexylthiophene) ({{P3HT}}) {{Organic Field Effect Transistor}}},
  author = {Mun, Seohyun and Park, Yoonkyung and Lee, Yong-Eun Koo and Sung, Myung Mo},
  year = {2017},
  journal = {Langmuir},
  volume = {33},
  number = {47},
  pages = {13554--13560},
  publisher = {American Chemical Society},
  issn = {0743-7463},
  doi = {10.1021/acs.langmuir.7b02466}
}

@article{murakiFully1992,
  title = {Fully Automated System for the Continuous Monitoring of Ammonium Ion in Fish Farming Plant Sea Water by Flow-Injection Analysis},
  author = {Muraki, Hideki and Higuchi, Keiro and Sasaki, Masanori and Korenaga, Takashi and T{\^o}ei, Kyoji},
  year = {1992},
  journal = {Analytica Chimica Acta},
  volume = {261},
  number = {1},
  pages = {345--349},
  issn = {0003-2670},
  doi = {10.1016/0003-2670(92)80212-P}
}

@article{muresuTravelRelated2020,
  title = {Travel-{{Related Typhoid Fever}}: {{Narrative Review}} of the {{Scientific Literature}}},
  author = {Muresu, Narcisa and Sotgiu, Giovanni and Are, Bianca Maria and Cossu, Andrea and Cocuzza, Clementina and Martinelli, Marianna and Babudieri, Sergio and Are, Riccardo and Dettori, Marco and Azara, Antonio and Saderi, Laura and Piana, Andrea},
  year = {2020},
  journal = {International Journal of Environmental Research and Public Health},
  volume = {17},
  number = {2},
  pages = {615},
  publisher = {Multidisciplinary Digital Publishing Institute},
  issn = {1660-4601},
  doi = {10.3390/ijerph17020615},
  copyright = {http://creativecommons.org/licenses/by/3.0/}
}

@article{naderiReview2016,
  title = {Review---{{Methods}} in {{Improving}} the {{Performance}} of {{Carbon Nanotube Field Effect Transistors}}},
  author = {Naderi, Ali and Tahne, Behrooz Abdi},
  year = {2016},
  journal = {ECS Journal of Solid State Science and Technology},
  volume = {5},
  number = {12},
  pages = {M131},
  publisher = {IOP Publishing},
  issn = {2162-8777},
  doi = {10.1149/2.0021612jss}
}

@article{nagelGlossary1992,
  title = {Glossary for Chemists of Terms Used in Biotechnology ({{IUPAC Recommendations}} 1992)},
  author = {Nagel, B. and Dellweg, H. and Gierasch, L. M.},
  year = {1992},
  journal = {Pure and Applied Chemistry},
  volume = {64},
  number = {1},
  pages = {143--168},
  issn = {1365-3075, 0033-4545},
  doi = {10.1351/pac199264010143}
}

@article{nakatsukaAptamer2018,
  title = {Aptamer--Field-Effect Transistors Overcome {{Debye}} Length Limitations for Small-Molecule Sensing},
  author = {Nakatsuka, Nako and Yang, Kyung-Ae and Abendroth, John M. and Cheung, Kevin M. and Xu, Xiaobin and Yang, Hongyan and Zhao, Chuanzhen and Zhu, Bowen and Rim, You Seung and Yang, Yang and Weiss, Paul S. and Stojanovi{\'c}, Milan N. and Andrews, Anne M.},
  year = {2018},
  journal = {Science},
  volume = {362},
  number = {6412},
  pages = {319--324},
  publisher = {American Association for the Advancement of Science},
  doi = {10.1126/science.aao6750}
}

@article{nareshReview2021,
  title = {A {{Review}} on {{Biosensors}} and {{Recent Development}} of {{Nanostructured Materials-Enabled Biosensors}}},
  author = {Naresh, Varnakavi and Lee, Nohyun},
  year = {2021},
  journal = {Sensors},
  volume = {21},
  number = {4},
  pages = {1109},
  publisher = {Multidisciplinary Digital Publishing Institute},
  issn = {1424-8220},
  doi = {10.3390/s21041109},
  copyright = {http://creativecommons.org/licenses/by/3.0/}
}

@book{newmanElectrochemical2021,
  title = {Electrochemical {{Systems}}, 4th {{Edition}} {\textbar} {{Wiley}}},
  author = {Newman, John and Balsara, Nitash P.},
  year = {2021},
  edition = {4th Edition},
  publisher = {Wiley},
  isbn = {978-1-119-51460-2}
}

@article{ngwiliQualitative2021,
  title = {A Qualitative Assessment of the Context and Enabling Environment for the Control of {{Taenia}} Solium Infections in Endemic Settings},
  author = {Ngwili, Nicholas and Johnson, Nancy and Wahome, Raphael and Githigia, Samuel and Roesel, Kristina and Thomas, Lian},
  year = {2021},
  journal = {PLOS Neglected Tropical Diseases},
  volume = {15},
  number = {6},
  pages = {e0009470},
  publisher = {Public Library of Science},
  issn = {1935-2735},
  doi = {10.1371/journal.pntd.0009470}
}

@article{nicholsFoodborne2000,
  title = {Food-Borne Protozoa},
  author = {Nichols, Gordon L},
  year = {2000},
  journal = {British Medical Bulletin},
  volume = {56},
  number = {1},
  pages = {209--235},
  issn = {0007-1420},
  doi = {10.1258/0007142001902905}
}

@incollection{nieHighperformance2019,
  title = {High-Performance Liquid Chromatography for Food Quality Evaluation},
  booktitle = {Evaluation {{Technologies}} for {{Food Quality}}},
  author = {Nie, Qixing and Nie, Shaoping},
  year = {2019},
  pages = {267--299},
  publisher = {Elsevier},
  doi = {10.1016/B978-0-12-814217-2.00013-5},
  copyright = {https://www.elsevier.com/tdm/userlicense/1.0/},
  isbn = {978-0-12-814217-2}
}

@article{niuSuperconducting2024,
  title = {Superconducting {{Field-Effect Transistors}} with {{PdxTe}}--{{Te Intimate Contacts}}},
  author = {Niu, Chang and Wang, Mingyi and Zhang, Zhuocheng and Qiu, Gang and Wang, Yixiu and Zheng, Dongqi and Liao, Pai-Ying and Wu, Wenzhuo and Ye, Peide D.},
  year = {2024},
  journal = {ACS Nano},
  volume = {18},
  number = {23},
  pages = {15107--15113},
  publisher = {American Chemical Society},
  issn = {1936-0851},
  doi = {10.1021/acsnano.4c02352}
}

@article{nolvachaiMultidimensional2017,
  title = {Multidimensional Gas Chromatography in Food Analysis},
  author = {Nolvachai, Yada and Kulsing, Chadin and Marriott, Philip J.},
  year = {2017},
  journal = {TrAC Trends in Analytical Chemistry},
  volume = {96},
  pages = {124--137},
  issn = {01659936},
  doi = {10.1016/j.trac.2017.05.001}
}

@article{noyceElectronic2019,
  title = {Electronic {{Stability}} of {{Carbon Nanotube Transistors Under Long-Term Bias Stress}}},
  author = {Noyce, Steven G. and Doherty, James L. and Cheng, Zhihui and Han, Hui and Bowen, Shane and Franklin, Aaron D.},
  year = {2019},
  journal = {Nano Letters},
  volume = {19},
  number = {3},
  pages = {1460--1466},
  publisher = {American Chemical Society},
  issn = {1530-6984},
  doi = {10.1021/acs.nanolett.8b03986}
}

@article{nwachukwuRecent2024,
  title = {Recent Advances in the Role of Mass Spectrometry in the Analysis of Food: A Review},
  author = {Nwachukwu, Susan Chinedu and Edo, Great Iruoghene and Jikah, Agatha Ngukuran and Emakpor, Oghenerume Lucky and Akpoghelie, Patrick Othuke and Agbo, Joy Johnson},
  year = {2024},
  journal = {Journal of Food Measurement and Characterization},
  volume = {18},
  number = {6},
  pages = {4272--4287},
  issn = {2193-4134},
  doi = {10.1007/s11694-024-02492-z}
}

@article{okaforOccupational2002,
  title = {Occupational and Dietary Exposures of Humans to Cyanide Poisoning from Large-Scale Cassava Processing and Ingestion of Cassava Foods},
  author = {Okafor, P. N and Okorowkwo, C. O and Maduagwu, E. N},
  year = {2002},
  journal = {Food and Chemical Toxicology},
  volume = {40},
  number = {7},
  pages = {1001--1005},
  issn = {0278-6915},
  doi = {10.1016/S0278-6915(01)00109-0}
}

@article{oldhamGouy2008,
  title = {A {{Gouy}}--{{Chapman}}--{{Stern}} Model of the Double Layer at a (Metal)/(Ionic Liquid) Interface},
  author = {Oldham, Keith B.},
  year = {2008},
  journal = {Journal of Electroanalytical Chemistry},
  volume = {613},
  number = {2},
  pages = {131--138},
  issn = {1572-6657},
  doi = {10.1016/j.jelechem.2007.10.017}
}

@article{ortizHighk2010,
  title = {High-k {{Organic}}, {{Inorganic}}, and {{Hybrid Dielectrics}} for {{Low-Voltage Organic Field-Effect Transistors}}},
  author = {Ortiz, Roc{\'i}o Ponce and Facchetti, Antonio and Marks, Tobin J.},
  year = {2010},
  journal = {Chemical Reviews},
  volume = {110},
  number = {1},
  pages = {205--239},
  publisher = {American Chemical Society},
  issn = {0009-2665},
  doi = {10.1021/cr9001275}
}

@article{ozogulBiogenic2019,
  title = {Biogenic {{Amines Formation}}, {{Toxicity}}, {{Regulations}} in {{Food}}},
  author = {{\"O}zogul, Yesim and {\"O}zogul, Fatih},
  year = {2019},
  pages = {1--17},
  doi = {10.1039/9781788015813-00001}
}

@article{palazzoDetection2015,
  title = {Detection {{Beyond Debye}}'s {{Length}} with an {{Electrolyte-Gated Organic Field-Effect Transistor}}},
  author = {Palazzo, Gerardo and Tullio, Donato De and Magliulo, Maria and Mallardi, Antonia and Intranuovo, Francesca and Mulla, Mohammad Yusuf and Favia, Pietro and {Vikholm-Lundin}, Inger and Torsi, Luisa},
  year = {2015},
  journal = {Advanced Materials},
  volume = {27},
  number = {5},
  pages = {911--916},
  publisher = {John Wiley \& Sons, Ltd},
  issn = {1521-4095},
  doi = {10.1002/adma.201403541}
}

@article{pasadasExploiting2023,
  title = {Exploiting {{Ambipolarity}} in {{Graphene Field-Effect Transistors}} for {{Novel Designs}} on {{High-Frequency Analog Electronics}}},
  author = {Pasadas, Francisco and {Medina-Rull}, Alberto and Ruiz, Francisco G. and {Ramos-Silva}, Javier Noe and {Pacheco-Sanchez}, Anibal and Pardo, Mari Carmen and {Toral-Lopez}, Alejandro and Godoy, Andr{\'e}s and {Ram{\'i}rez-Garc{\'i}a}, Eloy and Jim{\'e}nez, David and Marin, Enrique G.},
  year = {2023},
  journal = {Small},
  volume = {19},
  number = {49},
  pages = {2303595},
  issn = {1613-6829},
  doi = {10.1002/smll.202303595},
  copyright = {{\copyright} 2023 The Authors. Small published by Wiley-VCH GmbH}
}

@article{payneSensors1983,
  title = {Sensors and Their Applications},
  author = {Payne, P. A.},
  year = {1983},
  journal = {Journal of Physics E: Scientific Instruments},
  volume = {16},
  number = {10},
  pages = {947},
  issn = {0022-3735},
  doi = {10.1088/0022-3735/16/10/002}
}

@article{perfezouCancer2012,
  title = {Cancer Detection Using Nanoparticle-Based Sensors},
  author = {Perf{\'e}zou, Ma{\"e}lle and Turner, Anthony and Merko{\c c}i, Arben},
  year = {2012},
  journal = {Chemical Society Reviews},
  volume = {41},
  number = {7},
  pages = {2606--2622},
  publisher = {The Royal Society of Chemistry},
  issn = {1460-4744},
  doi = {10.1039/C1CS15134G}
}

@article{petersenApplication2021,
  title = {Application of {{Raman Spectroscopic Methods}} in {{Food Safety}}: {{A Review}}},
  author = {Petersen, Marlen and Yu, Zhilong and Lu, Xiaonan},
  year = {2021},
  journal = {Biosensors},
  volume = {11},
  number = {6},
  pages = {187},
  publisher = {Multidisciplinary Digital Publishing Institute},
  issn = {2079-6374},
  doi = {10.3390/bios11060187},
  copyright = {http://creativecommons.org/licenses/by/3.0/}
}

@inproceedings{petrelliFlexible2022,
  title = {Flexible, Planar, and Stable Electrolyte-Gated Carbon Nanotube Field-Effect Transistor-Based Sensor for Ammonium Detection in Sweat},
  booktitle = {2022 {{IEEE International Flexible Electronics Technology Conference}} ({{IFETC}})},
  author = {Petrelli, Mattia and Shkodra, Bajramshahe and Angeli, Martina Aurora Costa and Scarton, Alessandra and Pogliaghi, Silvia and Biasi, Roberto and Lugli, Paolo and Petti, Luisa},
  year = {2022},
  pages = {1--2},
  doi = {10.1109/IFETC53656.2022.9948472}
}

@article{petrelliMethod2023,
  title = {Method for Instability Compensation and Detection of Ammonium in Sweat via Conformal Electrolyte-Gated Field-Effect Transistors},
  author = {Petrelli, Mattia and Shkodra, Bajramshahe and Falco, Aniello and Costa Angeli, Martina Aurora and Vasquez, Sahira and Scarton, Alessandra and Pogliaghi, Silvia and Biasi, Roberto and Lugli, Paolo and Petti, Luisa},
  year = {2023},
  journal = {Organic Electronics},
  volume = {122},
  pages = {106889},
  issn = {1566-1199},
  doi = {10.1016/j.orgel.2023.106889}
}

@inproceedings{petrelliNovel2022,
  title = {Novel {{Gate Electrode Design}} for {{Flexible Planar Electrolyte-Gated Field-Effect Transistor-Based Sensors}} for {{Real-Time Ammonium Detection}}},
  booktitle = {2022 {{IEEE Sensors}}},
  author = {Petrelli, Mattia and Shkodra, Bajramshahe and Angeli, Martina Aurora Costa and Scarton, Alessandra and Pogliaghi, Silvia and Biasi, Roberto and Lugli, Paolo and Petti, Luisa},
  year = {2022},
  pages = {1--4},
  issn = {2168-9229},
  doi = {10.1109/SENSORS52175.2022.9967221}
}

@article{petrelliRigid2023,
  title = {From {{Rigid}} to {{Flexible}}: {{Solution-Processed Carbon Nanotube Deposition}} on {{Polymeric Substrates}} for the {{Fabrication}} of {{Transistor-Based Ion Sensors}}},
  author = {Petrelli, Mattia and Shkodra, Bajramshahe and Falco, Aniello and Costa Angeli, Martina Aurora and Vasquez, Sahira and Orlando, Antonio and Scarton, Alessandra and Pogliaghi, Silvia and Biasi, Roberto and Lugli, Paolo and Petti, Luisa},
  year = {2023},
  journal = {IEEE Journal on Flexible Electronics},
  volume = {2},
  number = {4},
  pages = {300--307},
  issn = {2768-167X},
  doi = {10.1109/JFLEX.2023.3303149}
}

@article{pettiMetal2016,
  title = {Metal Oxide Semiconductor Thin-Film Transistors for Flexible Electronics},
  author = {Petti, Luisa and M{\"u}nzenrieder, Niko and Vogt, Christian and Faber, Hendrik and B{\"u}the, Lars and Cantarella, Giuseppe and Bottacchi, Francesca and Anthopoulos, Thomas D. and Tr{\"o}ster, Gerhard},
  year = {2016},
  journal = {Applied Physics Reviews},
  volume = {3},
  number = {2},
  pages = {021303},
  issn = {1931-9401},
  doi = {10.1063/1.4953034}
}

@article{pogreba-brownComplications2022,
  title = {Complications {{Associated}} with {{Foodborne Listeriosis}}: {{A Scoping Review}}},
  author = {{Pogreba-Brown}, Kristen and Boyd, Kylie and Schaefer, Kenzie and Austhof, Erika and Armstrong, Alexandra and {Owusu-Dommey}, Ama and {Villa-Zapata}, Lorenzo and Arora, Mona and McClelland, Jean D. and Hoffman, Sandra},
  year = {2022},
  journal = {Foodborne Pathogens and Disease},
  volume = {19},
  number = {11},
  pages = {725--743},
  publisher = {Mary Ann Liebert, Inc., publishers},
  issn = {1535-3141},
  doi = {10.1089/fpd.2022.0012}
}

@inproceedings{pollentierBake2022,
  title = {To Bake or Not to Bake... : The Impact of Prebake in the {{EUV}} Resist Process},
  booktitle = {Advances in {{Patterning Materials}} and {{Processes XXXIX}}},
  author = {Pollentier, Ivan and Rathore, Ashish and Gupta, Mihir and Simone, Danilo De and Suh, Hyo Seon},
  year = {2022},
  volume = {12055},
  pages = {42--48},
  publisher = {SPIE},
  doi = {10.1117/12.2616094}
}

@article{poolakkandyTransition2021,
  title = {Transition Metal Oxide Based Non-Enzymatic Electrochemical Sensors: {{An}} Arising Approach for the Meticulous Detection of Neurotransmitter Biomarkers},
  author = {Poolakkandy, Rasha Rahman and Menamparambath, Mini Mol},
  year = {2021},
  journal = {Electrochemical Science Advances},
  volume = {1},
  number = {2},
  pages = {e2000024},
  issn = {2698-5977},
  doi = {10.1002/elsa.202000024},
  copyright = {{\copyright} 2020 The Authors. Electrochemical Science Advances published by Wiley-VCH GmbH}
}

@article{popescuModeling2015,
  title = {Modeling of {{Electrolyte-Gated Organic Thin-Film Transistors}} for {{Sensing Applications}}},
  author = {Popescu, Dan and Popescu, Bogan and Br{\"a}ndlein, Marcel and Melzer, Katharina and Lugli, Paolo},
  year = {2015},
  journal = {IEEE Transactions on Electron Devices},
  volume = {62},
  number = {12},
  pages = {4206--4212},
  issn = {1557-9646},
  doi = {10.1109/TED.2015.2485160}
}

@article{popovCarbon2004,
  title = {Carbon Nanotubes: Properties and Application},
  author = {Popov, Valentin N},
  year = {2004},
  journal = {Materials Science and Engineering: R: Reports},
  volume = {43},
  number = {3},
  pages = {61--102},
  issn = {0927-796X},
  doi = {10.1016/j.mser.2003.10.001}
}

@article{pretiFast2015,
  title = {Fast Determination of Biogenic Amines in Beverages by a Core--Shell Particle Column},
  author = {Preti, Raffaella and Antonelli, Marta Letizia and Bernacchia, Roberta and Vinci, Giuliana},
  year = {2015},
  journal = {Food Chemistry},
  volume = {187},
  pages = {555--562},
  issn = {0308-8146},
  doi = {10.1016/j.foodchem.2015.04.075}
}

@article{programFood2024,
  title = {Food {{Traceability List}}},
  author = {Program, Human Foods},
  year = {Fri, 09/06/2024 - 10:46},
  journal = {FDA},
  publisher = {FDA}
}

@article{pullanoEGFETBased2018,
  title = {{{EGFET-Based Sensors}} for {{Bioanalytical Applications}}: {{A Review}}},
  author = {Pullano, Salvatore Andrea and Critello, Costantino Davide and Mahbub, Ifana and Tasneem, Nishat Tarannum and Shamsir, Samira and Islam, Syed Kamrul and Greco, Marta and Fiorillo, Antonino S.},
  year = {2018},
  journal = {Sensors},
  volume = {18},
  number = {11},
  pages = {4042},
  publisher = {Multidisciplinary Digital Publishing Institute},
  issn = {1424-8220},
  doi = {10.3390/s18114042},
  copyright = {http://creativecommons.org/licenses/by/3.0/}
}

@book{purcellElectricity2013,
  title = {Electricity and {{Magnetism}}},
  author = {Purcell, Edward M. and Morin, David J.},
  year = {2013},
  edition = {3rd},
  publisher = {Cambridge University Press},
  doi = {10.1017/CBO9781139012973},
  isbn = {978-1-107-01402-2}
}

@article{purwidyantriColloidal2018,
  title = {A {{Colloidal Nanopatterning}} and {{Downscaling}} of a {{Highly Periodic Au Nanoporous EGFET Biosensor}}},
  author = {Purwidyantri, Agnes and Kamajaya, Leonardo and Chen, Ching-Hsiang and Luo, Ji-Dung and Chiou, Chiuan-Chian and Tian, Ya-Chung and Lin, Chan-Yu and Yang, Chia-Ming and Lai, Chao-Sung},
  year = {2018},
  journal = {Journal of The Electrochemical Society},
  volume = {165},
  number = {4},
  pages = {H3170},
  publisher = {IOP Publishing},
  issn = {1945-7111},
  doi = {10.1149/2.0241804jes}
}

@article{putriApplication2022,
  title = {Application of Gas Chromatography-Mass Spectrometry-Based Metabolomics in Food Science and Technology},
  author = {Putri, Sastia Prama and Ikram, Muhammad Maulana Malikul and Sato, Arisa and Dahlan, Hadi Akbar and Rahmawati, Della and Ohto, Yukina and Fukusaki, Eiichiro},
  year = {2022},
  journal = {Journal of Bioscience and Bioengineering},
  volume = {133},
  number = {5},
  pages = {425--435},
  issn = {13891723},
  doi = {10.1016/j.jbiosc.2022.01.011},
  copyright = {https://www.elsevier.com/tdm/userlicense/1.0/}
}

@article{quApplications2015,
  title = {Applications of {{Near-infrared Spectroscopy}} in {{Food Safety Evaluation}} and {{Control}}: {{A Review}} of {{Recent Research Advances}}},
  author = {Qu, Jia-Huan and Liu, Dan and Cheng, Jun-Hu and Sun, Da-Wen and Ma, Ji and Pu, Hongbin and Zeng, Xin-An},
  year = {2015},
  journal = {Critical Reviews in Food Science and Nutrition},
  volume = {55},
  number = {13},
  pages = {1939--1954},
  issn = {1040-8398, 1549-7852},
  doi = {10.1080/10408398.2013.871693}
}

@article{quintanilla-villanuevaRecent2024,
  title = {Recent {{Advances}} in {{Monitoring Microbial Toxins}} in {{Food Samples}} by {{HPLC-Based Techniques}}: {{A Review}}},
  author = {{Quintanilla-Villanueva}, Gabriela Elizabeth and {S{\'a}nchez-{\'A}lvarez}, Araceli and {N{\'u}{\~n}ez-Salas}, Raisa Estefan{\'i}a and {Rodr{\'i}guez-Delgado}, Melissa Marlene and {Luna-Moreno}, Donato and {Villarreal-Chiu}, Juan Francisco},
  year = {2024},
  journal = {Analytica},
  volume = {5},
  number = {4},
  pages = {512--537},
  publisher = {Multidisciplinary Digital Publishing Institute},
  issn = {2673-4532},
  doi = {10.3390/analytica5040035},
  copyright = {http://creativecommons.org/licenses/by/3.0/}
}

@article{radsarGraphene2021,
  title = {Graphene Properties and Applications in Nanoelectronic},
  author = {Radsar, Tahereh and Khalesi, Hassan and Ghods, Vahid},
  year = {2021},
  journal = {Optical and Quantum Electronics},
  volume = {53},
  number = {4},
  pages = {178},
  issn = {0306-8919, 1572-817X},
  doi = {10.1007/s11082-021-02839-6}
}

@article{reddyGraphene2011,
  title = {Graphene Field-Effect Transistors},
  author = {Reddy, Dharmendar and Register, Leonard F and Carpenter, Gary D and Banerjee, Sanjay K},
  year = {2011},
  journal = {Journal of Physics D: Applied Physics},
  volume = {44},
  number = {31},
  pages = {313001},
  issn = {0022-3727, 1361-6463},
  doi = {10.1088/0022-3727/44/31/313001}
}

@article{robert-peillardHigh2017,
  title = {High Throughput Determination of Ammonium and Primary Amine Compounds in Environmental and Food Samples},
  author = {{Robert-Peillard}, Fabien and Barco, Edwin Palacio and Ciulu, Marco and Demelas, Carine and Th{\'e}raulaz, Fr{\'e}d{\'e}ric and Boudenne, Jean-Luc and Coulomb, Bruno},
  year = {2017},
  journal = {Microchemical Journal},
  volume = {133},
  pages = {216--221},
  issn = {0026-265X},
  doi = {10.1016/j.microc.2017.03.048}
}

@article{robertsWaterstable2008,
  title = {Water-Stable Organic Transistors and Their Application in Chemical and Biological Sensors},
  author = {Roberts, Mark E. and Mannsfeld, Stefan C. B. and Queralt{\'o}, N{\'u}ria and Reese, Colin and Locklin, Jason and Knoll, Wolfgang and Bao, Zhenan},
  year = {2008},
  journal = {Proceedings of the National Academy of Sciences},
  volume = {105},
  number = {34},
  pages = {12134--12139},
  publisher = {Proceedings of the National Academy of Sciences},
  doi = {10.1073/pnas.0802105105}
}

@article{rodriguez-manzoCreation2009,
  title = {Creation of {{Individual Vacancies}} in {{Carbon Nanotubes}} by {{Using}} an {{Electron Beam}} of 1 {{{\AA} Diameter}}},
  author = {{Rodriguez-Manzo}, Julio A. and Banhart, Florian},
  year = {2009},
  journal = {Nano Letters},
  volume = {9},
  number = {6},
  pages = {2285--2289},
  publisher = {American Chemical Society},
  issn = {1530-6984},
  doi = {10.1021/nl900463u}
}

@article{rootMechanical2017,
  title = {Mechanical {{Properties}} of {{Organic Semiconductors}} for {{Stretchable}}, {{Highly Flexible}}, and {{Mechanically Robust Electronics}}},
  author = {Root, Samuel E. and Savagatrup, Suchol and Printz, Adam D. and Rodriquez, Daniel and Lipomi, Darren J.},
  year = {2017},
  journal = {Chemical Reviews},
  volume = {117},
  number = {9},
  pages = {6467--6499},
  publisher = {American Chemical Society},
  issn = {0009-2665},
  doi = {10.1021/acs.chemrev.7b00003}
}

@article{rossInvention1998,
  title = {The Invention of the Transistor},
  author = {Ross, I.M.},
  year = {1998},
  journal = {Proceedings of the IEEE},
  volume = {86},
  number = {1},
  pages = {7--28},
  issn = {1558-2256},
  doi = {10.1109/5.658752}
}

@article{ryanGiardia2019,
  title = {{\emph{Giardia}}: An under-Reported Foodborne Parasite},
  author = {Ryan, Una and Hijjawi, Nawal and Feng, Yaoyu and Xiao, Lihua},
  year = {2019},
  journal = {International Journal for Parasitology},
  volume = {49},
  number = {1},
  pages = {1--11},
  issn = {0020-7519},
  doi = {10.1016/j.ijpara.2018.07.003}
}

@incollection{sahayIntroduction2019,
  title = {Introduction to {{Field}}-{{Effect Transistors}}},
  booktitle = {And {{Simulation Junctionless Field-Effect Transistors}}: {{Design}}, {{Modeling}}},
  author = {Sahay, Shubham and Kumar, Mamidala Jagadesh},
  year = {2019},
  pages = {1--26},
  publisher = {IEEE},
  doi = {10.1002/9781119523543.ch1}
}

@article{sahudinRegenerable2021,
  title = {Regenerable and Selective Histamine Impedimetric Sensor Based on Hydroxyl Functionalised {{Schiff}} Base Complex Electrode},
  author = {Sahudin, Muhammad Ameerullah and Tan, Ling Ling and Su'ait, Mohd Sukor and Karim, Nurul Huda Abd and Mackeen, Mukram Mohamad},
  year = {2021},
  journal = {Electrochimica Acta},
  volume = {379},
  pages = {138186},
  issn = {0013-4686},
  doi = {10.1016/j.electacta.2021.138186}
}

@article{salazarPolymerase2015,
  title = {Polymerase Chain Reaction-Based Serotyping of Pathogenic Bacteria in Food},
  author = {Salazar, Joelle K. and Wang, Yun and Yu, Shuijing and Wang, Hui and Zhang, Wei},
  year = {2015},
  journal = {Journal of Microbiological Methods},
  volume = {110},
  pages = {18--26},
  issn = {01677012},
  doi = {10.1016/j.mimet.2015.01.009}
}

@article{samantaConjugated2014,
  title = {Conjugated {{Polymer-Assisted Dispersion}} of {{Single-Wall Carbon Nanotubes}}: {{The Power}} of {{Polymer Wrapping}}},
  author = {Samanta, Suman Kalyan and Fritsch, Martin and Scherf, Ullrich and Gomulya, Widianta and Bisri, Satria Zulkarnaen and Loi, Maria Antonietta},
  year = {2014},
  journal = {Accounts of Chemical Research},
  volume = {47},
  number = {8},
  pages = {2446--2456},
  publisher = {American Chemical Society},
  issn = {0001-4842},
  doi = {10.1021/ar500141j}
}

@article{sandiferReview1999,
  title = {A {{Review}} of {{Biosensor}} and {{Industrial Applications}} of {{pH-ISFETs}} and an {{Evaluation}} of {{Honeywell}}'s ``{{DuraFET}}''},
  author = {Sandifer, James R. and Voycheck, Jacob J.},
  year = {1999},
  journal = {Microchimica Acta},
  volume = {131},
  number = {1},
  pages = {91--98},
  issn = {1436-5073},
  doi = {10.1007/PL00021393}
}

@article{sangProgress2016,
  title = {Progress of New Label-Free Techniques for Biosensors: A Review},
  author = {Sang, Shengbo and Wang, Yajun and Feng, Qiliang and Wei, Ye and Ji, Jianlong and Zhang, Wendong},
  year = {2016},
  journal = {Critical Reviews in Biotechnology},
  volume = {36},
  number = {3},
  pages = {465--481},
  publisher = {Taylor \& Francis},
  issn = {0738-8551},
  doi = {10.3109/07388551.2014.991270},
  pmid = {25608959}
}

@article{saravananMethods2021,
  title = {Methods of Detection of Food-Borne Pathogens: A Review},
  author = {Saravanan, A. and Kumar, P. Senthil and Hemavathy, R. V. and Jeevanantham, S. and Kamalesh, R. and Sneha, S. and Yaashikaa, P. R.},
  year = {2021},
  journal = {Environmental Chemistry Letters},
  volume = {19},
  number = {1},
  pages = {189--207},
  issn = {1610-3661},
  doi = {10.1007/s10311-020-01072-z}
}

@article{sarcinaLargearea2022,
  title = {A Large-Area Organic Transistor with {{3D-printed}} Sensing Gate for Noninvasive Single-Molecule Detection of Pancreatic Mucinous Cyst Markers},
  author = {Sarcina, Lucia and Viola, Fabrizio and Modena, Francesco and Picca, Rosaria Anna and Bollella, Paolo and Di Franco, Cinzia and Cioffi, Nicola and Caironi, Mario and {\"O}sterbacka, Ronald and Esposito, Irene and Scamarcio, Gaetano and Torsi, Luisa and Torricelli, Fabrizio and Macchia, Eleonora},
  year = {2022},
  journal = {Analytical and Bioanalytical Chemistry},
  volume = {414},
  number = {18},
  pages = {5657--5669},
  issn = {1618-2650},
  doi = {10.1007/s00216-022-04040-4}
}

@article{sasipongpanaExtended2017,
  title = {Extended--Gate Field Effect Transistor ({{EGFET}}) for Carbaryl Pesticide Detection Based on Enzyme Inhibition Assay},
  author = {Sasipongpana, Supanat and Rayanasukha, Yossawat and Prichanont, Seeroong and Thanachayanont, Chanchana and Porntheeraphat, Supanit and Houngkamhang, Nongluck},
  year = {2017},
  journal = {Materials Today: Proceedings},
  volume = {4},
  number = {5, Part 2},
  pages = {6458--6465},
  issn = {2214-7853},
  doi = {10.1016/j.matpr.2017.06.153}
}

@article{schlechEpidemiology2019,
  title = {Epidemiology and {{Clinical Manifestations}} of {{Listeria}} Monocytogenes {{Infection}}},
  author = {Schlech, Walter F.},
  year = {2019},
  journal = {Microbiology Spectrum},
  volume = {7},
  number = {3},
  pages = {10.1128/microbiolspec.gpp3-0014-2018},
  issn = {2165-0497},
  doi = {10.1128/microbiolspec.gpp3-0014-2018},
  pmcid = {PMC11026082},
  pmid = {31837132}
}

@article{schlechFoodborne2000,
  title = {Foodborne {{Listeriosis}}},
  author = {Schlech, III, Walter F. and Acheson, David},
  year = {2000},
  journal = {Clinical Infectious Diseases},
  volume = {31},
  number = {3},
  pages = {770--775},
  issn = {1058-4838},
  doi = {10.1086/314008}
}

@article{seeEnhanced2007,
  title = {Enhanced {{Response}} of N-{{Channel Naphthalenetetracarboxylic Diimide Transistors}} to {{Dimethyl Methylphosphonate Using Phenolic Receptors}}},
  author = {See, K. C. and Becknell, A. and Miragliotta, J. and Katz, H. E.},
  year = {2007},
  journal = {Advanced Materials},
  volume = {19},
  number = {20},
  pages = {3322--3327},
  issn = {1521-4095},
  doi = {10.1002/adma.200602924},
  copyright = {Copyright {\copyright} 2007 WILEY-VCH Verlag GmbH \& Co. KGaA, Weinheim}
}

@article{sekineLow2019,
  title = {Low {{Operating Voltage}} and {{Highly Pressure-Sensitive Printed Sensor}} for {{Healthcare Monitoring}} with {{Analogic Amplifier Circuit}}},
  author = {Sekine, Tomohito and Ga{\"{\i}}tis, Alexandre and Sato, Jun and Miyazawa, Kohei and Muraki, Kosuke and Shiwaku, Rei and Takeda, Yasunori and Matsui, Hiroyuki and Kumaki, Daisuke and Domingues Dos Santos, Fabrice and Miyabo, Atsushi and Charbonneau, Mica{\"e}l and Tokito, Shizuo},
  year = {2019},
  journal = {ACS Applied Electronic Materials},
  volume = {1},
  number = {2},
  pages = {246--252},
  publisher = {American Chemical Society},
  doi = {10.1021/acsaelm.8b00088}
}

@incollection{shamsirSemiconductor2020,
  title = {Semiconductor {{Device Modeling}} and {{Simulation}} for {{Electronic Circuit Design}}},
  booktitle = {Modeling and {{Simulation}} in {{Engineering}} - {{Selected Problems}}},
  author = {Shamsir, Samira and Hasan, Md Sakib and Hassan, Omiya and Paul, Partha Sarathi and Hossain, Md Razuan and Islam, Syed K. and Shamsir, Samira and Hasan, Md Sakib and Hassan, Omiya and Paul, Partha Sarathi and Hossain, Md Razuan and Islam, Syed K.},
  year = {2020},
  publisher = {IntechOpen},
  doi = {10.5772/intechopen.92037},
  isbn = {978-1-83968-250-6}
}

@article{shaymuratGas2013,
  title = {Gas {{Dielectric Transistor}} of {{CuPc Single Crystalline Nanowire}} for {{SO2 Detection Down}} to {{Sub-ppm Levels}} at {{Room Temperature}}},
  author = {Shaymurat, Talgar and Tang, Qingxin and Tong, Yanhong and Dong, Lin and Liu, Yichun},
  year = {2013},
  journal = {Advanced Materials},
  volume = {25},
  number = {16},
  pages = {2269--2273},
  issn = {1521-4095},
  doi = {10.1002/adma.201204509},
  copyright = {Copyright {\copyright} 2013 WILEY-VCH Verlag GmbH \& Co. KGaA, Weinheim}
}

@article{sherEpidemiological2021,
  title = {Epidemiological Trends of Foodborne {{{\emph{C}}}}{\emph{ampylobacter}} Outbreaks in the {{United States}} of {{America}}, 1998--2016},
  author = {Sher, Azam Ali and Ashraf, Muhammad Adnan and Mustafa, Bahar E and Raza, Muhammad Mohsin},
  year = {2021},
  journal = {Food Microbiology},
  volume = {97},
  pages = {103751},
  issn = {0740-0020},
  doi = {10.1016/j.fm.2021.103751}
}

@article{shkodraOptimization2023,
  title = {Optimization of the {{Spray-Deposited Carbon Nanotube Semiconducting Channel}} for {{Electrolyte-Gated Field-Effect Transistor-Based Biosensing Applications}}},
  author = {Shkodra, Bajramshahe and Petrelli, Mattia and Angeli, Martina Aurora Costa and Inam, A. K. M. Sarwar and Lugli, Paolo and Petti, Luisa},
  year = {2023},
  journal = {IEEE Sensors Journal},
  volume = {23},
  number = {20},
  pages = {23958--23965},
  issn = {1558-1748},
  doi = {10.1109/JSEN.2022.3162706}
}

@article{shkodraElectrolytegated2021,
  title = {Electrolyte-Gated Carbon Nanotube Field-Effect Transistor-Based Biosensors: {{Principles}} and Applications},
  author = {Shkodra, Bajramshahe and Petrelli, Mattia and Costa Angeli, Martina Aurora and Garoli, Denis and Nakatsuka, Nako and Lugli, Paolo and Petti, Luisa},
  year = {2021},
  journal = {Applied Physics Reviews},
  volume = {8},
  number = {4},
  pages = {041325},
  issn = {1931-9401},
  doi = {10.1063/5.0058591}
}

@inproceedings{shkodraFlexible2021,
  title = {Flexible Carbon Nanotube-Based Electrolyte-Gated Field-Effect Transistor for Spermidine Detection},
  booktitle = {2021 {{IEEE International Conference}} on {{Flexible}} and {{Printable Sensors}} and {{Systems}} ({{FLEPS}})},
  author = {Shkodra, Bajramshahe and Petrelli, Mattia and Costa Angeli, Martina and Sarwar Inam, {\relax AKM} and Avancini, Enrico and M{\"u}nzenrieder, Niko and Lugli, Paolo and Petti, Luisa},
  year = {2021},
  pages = {1--4},
  doi = {10.1109/FLEPS51544.2021.9469788}
}

@article{shkodraPolymeric2024,
  title = {Polymeric Integration of Structure-Switching Aptamers on Transistors for Histamine Sensing},
  author = {Shkodra, Bajramshahe and Petrelli, Mattia and Yang, Kyung-Ae and Tagliaferri, Anna and Lugli, Paolo and Petti, Luisa and Nakatsuka, Nako},
  year = {2024},
  journal = {Faraday Discussions},
  volume = {250},
  number = {0},
  pages = {43--59},
  publisher = {Royal Society of Chemistry},
  doi = {10.1039/D3FD00123G}
}

@article{shockleyUnipolar1952,
  title = {A {{Unipolar}} "{{Field-Effect}}" {{Transistor}}},
  author = {Shockley, W.},
  year = {1952},
  journal = {Proceedings of the IRE},
  volume = {40},
  number = {11},
  pages = {1365--1376},
  issn = {2162-6634},
  doi = {10.1109/JRPROC.1952.273964}
}

@inproceedings{kahngSiliconSilicon1960,
  title = {Silicon-{{Silicon Dioxide Surface Device}} {\textbar} {{Semiconductor Devices}}: {{Pioneering Papers}}},
  booktitle = {{{IRE Device Research Conference}}},
  author = {Kahng, Dawan},
  year = {1960},
  doi = {10.1142/9789814503464_0076}
}

@article{singhCritical2014,
  title = {A Critical Review on {{PCR}}, Its Types and Applications},
  author = {Singh, Jagtar and Birbian, N. and Sinha, S. and Goswami, Akshra},
  year = {2014},
  journal = {INTERNATIONAL JOURNAL OF ADVANCED RESEARCH IN BIOLOGICAL SCIENCES},
  pages = {65--80},
  issn = {2348-8069}
}

@article{singhFabrication2021,
  title = {Fabrication, {{Characterization}}, and {{Application}} of {{CuO Nano Wires}} as {{Electrode}} for {{Ammonia Sensing}} in {{Aqueous Environment Using Extended Gate-FET}}},
  author = {Singh, Abhishek Kumar and Pandey, Amritanshu and Chakrabarti, P.},
  year = {2021},
  journal = {IEEE Sensors Journal},
  volume = {21},
  number = {5},
  pages = {5779--5786},
  issn = {1558-1748},
  doi = {10.1109/JSEN.2020.3042659}
}

@article{soDetection2008,
  title = {Detection and {{Titer Estimation}} of {{Escherichia}} Coli {{Using Aptamer-Functionalized Single-Walled Carbon-Nanotube Field-Effect Transistors}}},
  author = {So, Hye-Mi and Park, Dong-Won and Jeon, Eun-Kyoung and Kim, Yo-Han and Kim, Beom Soo and Lee, Chong-Kyo and Choi, Sun Young and Kim, Sung Chun and Chang, Hyunju and Lee, Jeong-O.},
  year = {2008},
  journal = {Small},
  volume = {4},
  number = {2},
  pages = {197--201},
  publisher = {John Wiley \& Sons, Ltd},
  issn = {1613-6829},
  doi = {10.1002/smll.200700664}
}

@article{sonPortable2017,
  title = {A Portable and Multiplexed Bioelectronic Sensor Using Human Olfactory and Taste Receptors},
  author = {Son, Manki and Kim, Daesan and Ko, Hwi Jin and Hong, Seunghun and Park, Tai Hyun},
  year = {2017},
  journal = {Biosensors and Bioelectronics},
  volume = {87},
  pages = {901--907},
  issn = {0956-5663},
  doi = {10.1016/j.bios.2016.09.040}
}

@article{spanoBiogenic2010,
  title = {Biogenic Amines in Fermented Foods},
  author = {Spano, G. and Russo, P. and {Lonvaud-Funel}, A. and Lucas, P. and Alexandre, H. and Grandvalet, C. and Coton, E. and Coton, M. and Barnavon, L. and Bach, B. and Rattray, F. and Bunte, A. and Magni, C. and Ladero, V. and Alvarez, M. and Fern{\'a}ndez, M. and Lopez, P. and {de Palencia}, P. F. and Corbi, A. and Trip, H. and Lolkema, J. S.},
  year = {2010},
  journal = {European Journal of Clinical Nutrition},
  volume = {64},
  number = {3},
  pages = {S95-S100},
  publisher = {Nature Publishing Group},
  issn = {1476-5640},
  doi = {10.1038/ejcn.2010.218},
  copyright = {2010 Macmillan Publishers Limited}
}

@article{spyropoulosInternal2019,
  title = {Internal Ion-Gated Organic Electrochemical Transistor: {{A}} Building Block for Integrated Bioelectronics},
  author = {Spyropoulos, George D. and Gelinas, Jennifer N. and Khodagholy, Dion},
  year = {2019},
  journal = {Science Advances},
  volume = {5},
  number = {2},
  pages = {eaau7378},
  publisher = {American Association for the Advancement of Science},
  doi = {10.1126/sciadv.aau7378}
}

@misc{strokaEquivalence2014,
  title = {Equivalence Testing of Histamine Methods - {{Final Report}}},
  author = {Stroka, Joerg and Bouten, Katrien and Mischke, Carsten and Breidbach, Andreas and Ulberth, Franz},
  year = {2014},
  journal = {JRC Publications Repository},
  issn = {1831-9424},
  doi = {10.2787/93196},
  howpublished = {https://publications.jrc.ec.europa.eu/repository/handle/JRC89766},
  isbn = {9789279378003}
}

@article{suoWaterinsalt2015,
  title = {``{{Water-in-salt}}'' Electrolyte Enables High-Voltage Aqueous Lithium-Ion Chemistries},
  author = {Suo, Liumin and Borodin, Oleg and Gao, Tao and Olguin, Marco and Ho, Janet and Fan, Xiulin and Luo, Chao and Wang, Chunsheng and Xu, Kang},
  year = {2015},
  journal = {Science},
  volume = {350},
  number = {6263},
  pages = {938--943},
  publisher = {American Association for the Advancement of Science},
  doi = {10.1126/science.aab1595}
}

@inproceedings{tagliaferriImproved2023,
  title = {Improved {{Stability}} of {{Carbon Nanotube Electrolyte-Gated Field-Effect Transistors}} through {{Lipophilic Membrane Encapsulation}}},
  booktitle = {2023 {{IEEE BioSensors Conference}} ({{BioSensors}})},
  author = {Tagliaferri, Anna and Shkodra, Bajramshahe and Petrelli, Mattia and Ibba, Pietro and Petti, Luisa and Lugli, Paolo and Angeli, Martina Aurora Costa},
  year = {2023},
  pages = {1--4},
  doi = {10.1109/BioSensors58001.2023.10281192}
}

@inproceedings{tagliaferriStability2025,
  title = {Stability and {{Functionalization}} of {{Carbon Nanotube Electrolyte-Gated Field-Effect Transistors}}},
  booktitle = {Proceedings of {{SIE}} 2024},
  author = {Tagliaferri, Anna and Shkodra, Bajramshahe and Costa Angeli, Martina Aurora and Ploner, Moritz and Petrelli, Mattia and Altana, Antonio and Ibba, Pietro and Lugli, Paolo and Petti, Luisa},
  year = {2025},
  pages = {244--250},
  publisher = {Springer, Cham},
  issn = {1876-1119},
  doi = {10.1007/978-3-031-71518-1_28},
  isbn = {978-3-031-71518-1}
}

@article{tamersitSynergy2022,
  title = {Synergy of {{Electrostatic}} and {{Chemical Doping}} to {{Improve}} the {{Performance}} of {{Junctionless Carbon Nanotube Tunneling Field-Effect Transistors}}: {{Ultrascaling}}, {{Energy-Efficiency}}, and {{High Switching Performance}}},
  author = {Tamersit, Khalil and Kouzou, Abdellah and Bourouba, Hocine and Kennel, Ralph and Abdelrahem, Mohamed},
  year = {2022},
  journal = {Nanomaterials},
  volume = {12},
  number = {3},
  pages = {462},
  publisher = {Multidisciplinary Digital Publishing Institute},
  issn = {2079-4991},
  doi = {10.3390/nano12030462},
  copyright = {http://creativecommons.org/licenses/by/3.0/}
}

@article{tanAdvancements2024,
  title = {Advancements {{And Applications}} of {{Field-Effect Transistors}} in {{Modern Electronics}}},
  author = {Tan, Houxuan},
  year = {2024},
  journal = {Highlights in Science, Engineering and Technology},
  volume = {81},
  pages = {318--322},
  issn = {2791-0210},
  doi = {10.54097/e52j3779},
  copyright = {Copyright (c) 2024 Highlights in Science, Engineering and Technology}
}

@article{tauxeEmerging1997,
  title = {Emerging {{Foodborne Diseases}}: {{An Evolving Public Health Challenge}} - {{Volume}} 3, {{Number}} 4---{{December}} 1997 - {{Emerging Infectious Diseases}} Journal - {{CDC}}},
  author = {Tauxe, Robert V.},
  year = {1997},
  doi = {10.3201/eid0304.970403}
}

@article{taylorHistamine1986,
  title = {Histamine {{Food Poisoning}}: {{Toxicology}} and {{Clinical Aspects}}},
  author = {Taylor, Steve L. and {and Eitenmiller}, Ronald R.},
  year = {1986},
  journal = {CRC Critical Reviews in Toxicology},
  volume = {17},
  number = {2},
  pages = {91--128},
  publisher = {Taylor \& Francis},
  issn = {0045-6446},
  doi = {10.3109/10408448609023767}
}

@article{taylorHistamine1989,
  title = {Histamine {{Poisoning}} ({{Scombroid Fish Poisoning}}): {{An Allergy-Like Intoxication}}},
  author = {Taylor, Steve L. and Stratton, Jayne E. and Nordlee, Julie A.},
  year = {1989},
  journal = {Journal of Toxicology: Clinical Toxicology},
  publisher = {Taylor \& Francis},
  doi = {10.3109/15563658908994420},
  copyright = {{\copyright} 1989 Informa UK Ltd All rights reserved: reproduction in whole or part not permitted}
}

@article{thakurRapid2018,
  title = {Rapid Detection of Single {{{\emph{E}}}}{\emph{. Coli}} Bacteria Using a Graphene-Based Field-Effect Transistor Device},
  author = {Thakur, Bhawana and Zhou, Guihua and Chang, Jingbo and Pu, Haihui and Jin, Bing and Sui, Xiaoyu and Yuan, Xiaochen and Yang, Ching-Hong and Magruder, Matthew and Chen, Junhong},
  year = {2018},
  journal = {Biosensors and Bioelectronics},
  volume = {110},
  pages = {16--22},
  issn = {0956-5663},
  doi = {10.1016/j.bios.2018.03.014}
}

@article{toddFoodBorne2020,
  title = {Food-{{Borne Disease Prevention}} and {{Risk Assessment}}},
  author = {Todd, Ewen},
  year = {2020},
  journal = {International Journal of Environmental Research and Public Health},
  volume = {17},
  number = {14},
  pages = {5129},
  publisher = {Multidisciplinary Digital Publishing Institute},
  issn = {1660-4601},
  doi = {10.3390/ijerph17145129},
  copyright = {http://creativecommons.org/licenses/by/3.0/}
}

@article{toddOutbreaks2009,
  title = {Outbreaks {{Where Food Workers Have Been Implicated}} in the {{Spread}} of {{Foodborne Disease}}. {{Part}} 6. {{Transmission}} and {{Survival}} of {{Pathogens}} in the {{Food Processing}} and {{Preparation Environment}}},
  author = {Todd, Ewen C. D. and Greig, Judy D. and Bartleson, Charles A. and Michaels, Barry S.},
  year = {2009},
  journal = {Journal of Food Protection},
  volume = {72},
  number = {1},
  pages = {202--219},
  issn = {0362-028X},
  doi = {10.4315/0362-028X-72.1.202}
}

@article{torricelliElectrolytegated2021,
  title = {Electrolyte-Gated Transistors for Enhanced Performance Bioelectronics},
  author = {Torricelli, Fabrizio and Adrahtas, Demetra Z. and Bao, Zhenan and Berggren, Magnus and Biscarini, Fabio and Bonfiglio, Annalisa and Bortolotti, Carlo A. and Frisbie, C. Daniel and Macchia, Eleonora and Malliaras, George G. and McCulloch, Iain and Moser, Maximilian and Nguyen, Thuc-Quyen and Owens, R{\'o}is{\'i}n M. and Salleo, Alberto and Spanu, Andrea and Torsi, Luisa},
  year = {2021},
  journal = {Nature Reviews Methods Primers},
  volume = {1},
  number = {1},
  pages = {1--24},
  publisher = {Nature Publishing Group},
  issn = {2662-8449},
  doi = {10.1038/s43586-021-00065-8},
  copyright = {2021 Springer Nature Limited}
}

@inproceedings{torricelliIntegrated2021,
  title = {Integrated Amplifier with Complementary Organic Electrochemical Transistors for High-Sensitivity Ion Detection and Real-Time Monitoring},
  booktitle = {Integrated {{Sensors}} for {{Biological}} and {{Neural Sensing}}},
  author = {Torricelli, Fabrizio and Romele, Paolo and Gkoupidenis, Paschalis and Koutsouras, Dimitrios A. and Lieberth, Katharina and {Kov{\'a}cs-Vajna}, Zsolt M. and Blom, Paul W. M.},
  year = {2021},
  volume = {11663},
  pages = {93--102},
  publisher = {SPIE},
  doi = {10.1117/12.2583428}
}

@article{torsiMultiparameter2000,
  title = {Multi-Parameter Gas Sensors Based on Organic Thin-Film-Transistors},
  author = {Torsi, L and Dodabalapur, A and Sabbatini, L and Zambonin, P. G},
  year = {2000},
  journal = {Sensors and Actuators B: Chemical},
  volume = {67},
  number = {3},
  pages = {312--316},
  issn = {0925-4005},
  doi = {10.1016/S0925-4005(00)00541-4}
}

@article{tuerkSystematic1990,
  title = {Systematic {{Evolution}} of {{Ligands}} by {{Exponential Enrichment}}: {{RNA Ligands}} to {{Bacteriophage T4 DNA Polymerase}}},
  author = {Tuerk, Craig and Gold, Larry},
  year = {1990},
  journal = {Science},
  volume = {249},
  number = {4968},
  pages = {505--510},
  publisher = {American Association for the Advancement of Science},
  doi = {10.1126/science.2200121}
}

@article{uradeGraphene2023,
  title = {Graphene {{Properties}}, {{Synthesis}} and {{Applications}}: {{A Review}}},
  author = {Urade, Akanksha R. and Lahiri, Indranil and Suresh, K. S.},
  year = {2023},
  journal = {JOM},
  volume = {75},
  number = {3},
  pages = {614--630},
  issn = {1047-4838, 1543-1851},
  doi = {10.1007/s11837-022-05505-8}
}

@article{uzunMolecularlyimprinted2016,
  title = {Molecularly-Imprinted Polymer Sensors: Realising Their Potential},
  author = {Uzun, Lokman and Turner, Anthony P. F.},
  year = {2016},
  journal = {Biosensors and Bioelectronics},
  volume = {76},
  pages = {131--144},
  issn = {0956-5663},
  doi = {10.1016/j.bios.2015.07.013}
}

@article{velickyElectrolyte2021,
  title = {Electrolyte versus {{Dielectric Gating}} of {{Two-Dimensional Materials}}},
  author = {Velick{\'y}, Mat{\v e}j},
  year = {2021},
  journal = {The Journal of Physical Chemistry C},
  publisher = {American Chemical Society},
  doi = {10.1021/acs.jpcc.1c04795},
  copyright = {{\copyright} 2021 American Chemical Society}
}

@article{velusamyOverview2010,
  title = {An Overview of Foodborne Pathogen Detection: {{In}} the Perspective of Biosensors},
  author = {Velusamy, Vijayalakshmi and Arshak, Khalil and Korostynska, Olga and Oliwa, Kamila and Adley, Catherine},
  year = {2010},
  journal = {Biotechnology Advances},
  volume = {28},
  number = {2},
  pages = {232--254},
  issn = {0734-9750},
  doi = {10.1016/j.biotechadv.2009.12.004}
}

@article{violaNtype2023,
  title = {A N-Type, {{Stable Electrolyte Gated Organic Transistor Based}} on a {{Printed Polymer}}},
  author = {Viola, Fabrizio Antonio and Melloni, Filippo and Molazemhosseini, Alireza and Modena, Francesco and Sassi, Mauro and Beverina, Luca and Caironi, Mario},
  year = {2023},
  journal = {Advanced Electronic Materials},
  volume = {9},
  number = {1},
  pages = {2200573},
  issn = {2199-160X},
  doi = {10.1002/aelm.202200573},
  copyright = {{\copyright} 2022 The Authors. Advanced Electronic Materials published by Wiley-VCH GmbH}
}

@article{vogeWrapping2013,
  title = {Wrapping and Dispersion of Multiwalled Carbon Nanotubes Improves Electrical Conductivity of Protein--Nanotube Composite Biomaterials},
  author = {Voge, Christopher M. and Johns, Jeremy and Raghavan, Mekhala and Morris, Michael D. and Stegemann, Jan P.},
  year = {2013},
  journal = {Journal of Biomedical Materials Research Part A},
  volume = {101A},
  number = {1},
  pages = {231--238},
  issn = {1552-4965},
  doi = {10.1002/jbm.a.34310},
  copyright = {Copyright {\copyright} 2012 Wiley Periodicals, Inc.}
}

@article{vuckovicCurrent2012,
  title = {Current Trends and Challenges in Sample Preparation for Global Metabolomics Using Liquid Chromatography--Mass Spectrometry},
  author = {Vuckovic, Dajana},
  year = {2012},
  journal = {Analytical and Bioanalytical Chemistry},
  volume = {403},
  number = {6},
  pages = {1523--1548},
  issn = {1618-2642, 1618-2650},
  doi = {10.1007/s00216-012-6039-y},
  copyright = {http://www.springer.com/tdm}
}

@article{wallaceHACCP2014,
  title = {{{HACCP}} -- {{The}} Difficulty with {{Hazard Analysis}}},
  author = {Wallace, Carol A. and Holyoak, Lynda and Powell, Susan C. and Dykes, Fiona C.},
  year = {2014},
  journal = {Food Control},
  volume = {35},
  number = {1},
  pages = {233--240},
  issn = {0956-7135},
  doi = {10.1016/j.foodcont.2013.07.012}
}

@article{walorczykPesticide2016,
  title = {Pesticide {{Residue Determination}} by {{Gas Chromatography-Tandem Mass Spectrometry}} as {{Applied}} to {{Food Safety Assessment}} on the {{Example}} of {{Some Fruiting Vegetables}}},
  author = {Walorczyk, Stanis{\l}aw and Kope{\'c}, Izabela and Szpyrka, Ewa},
  year = {2016},
  journal = {Food Analytical Methods},
  volume = {9},
  number = {5},
  pages = {1155--1172},
  issn = {1936-9751, 1936-976X},
  doi = {10.1007/s12161-015-0292-6}
}

@article{wangElectrolyteGated2021,
  title = {Electrolyte-{{Gated Field Effect Transistors}} in {{Biological Sensing}}: {{A Survey}} of {{Electrolytes}}},
  author = {Wang, Guan Ying and Lian, Keryn and Chu, Ta-Ya},
  year = {2021},
  journal = {IEEE Journal of the Electron Devices Society},
  volume = {9},
  pages = {939--950},
  issn = {2168-6734},
  doi = {10.1109/JEDS.2021.3082420}
}

@article{wangElectrolytic2016,
  title = {Electrolytic {{Gated Organic Field-Effect Transistors}} for {{Application}} in {{Biosensors}}---{{A Review}}},
  author = {Wang, Denjung and No{\"e}l, Vincent and Piro, Beno{\^i}t},
  year = {2016},
  journal = {Electronics},
  volume = {5},
  number = {1},
  pages = {9},
  publisher = {Multidisciplinary Digital Publishing Institute},
  issn = {2079-9292},
  doi = {10.3390/electronics5010009},
  copyright = {http://creativecommons.org/licenses/by/3.0/}
}

@article{wangHighk2018,
  title = {High-k {{Gate Dielectrics}} for {{Emerging Flexible}} and {{Stretchable Electronics}}},
  author = {Wang, Binghao and Huang, Wei and Chi, Lifeng and {Al-Hashimi}, Mohammed and Marks, Tobin J. and Facchetti, Antonio},
  year = {2018},
  journal = {Chemical Reviews},
  volume = {118},
  number = {11},
  pages = {5690--5754},
  publisher = {American Chemical Society},
  issn = {0009-2665},
  doi = {10.1021/acs.chemrev.8b00045}
}

@incollection{wangOrganic2023,
  title = {Organic {{Electrolyte-Gated Transistors}}},
  booktitle = {Encyclopedia of {{Materials}}: {{Electronics}}},
  author = {Wang, Guan Ying and Lian, Keryn and Chu, Ta-Ya},
  editor = {Haseeb, A. S. M. A.},
  year = {2023},
  pages = {51--70},
  publisher = {Academic Press},
  doi = {10.1016/B978-0-12-819728-8.00073-5},
  isbn = {978-0-12-819735-6}
}

@inproceedings{wanlassNanowatt1963,
  title = {Nanowatt Logic Using Field-Effect Metal-Oxide Semiconductor Triodes},
  booktitle = {1963 {{IEEE International Solid-State Circuits Conference}}. {{Digest}} of {{Technical Papers}}},
  author = {Wanlass, F. and Sah, C.},
  year = {1963},
  volume = {VI},
  pages = {32--33},
  doi = {10.1109/ISSCC.1963.1157450}
}

@article{weimerTFT1962,
  title = {The {{TFT A New Thin-Film Transistor}}},
  author = {Weimer, Paul K.},
  year = {1962},
  journal = {Proceedings of the IRE},
  volume = {50},
  number = {6},
  pages = {1462--1469},
  issn = {2162-6634},
  doi = {10.1109/JRPROC.1962.288190}
}

@article{weiStability2001,
  title = {Stability of Carbon Nanotubes under Electric Field Studied by Scanning Electron Microscopy},
  author = {Wei, Yi and Xie, Chenggang and Dean, Kenneth A. and Coll, Bernard F.},
  year = {2001},
  journal = {Applied Physics Letters},
  volume = {79},
  number = {27},
  pages = {4527--4529},
  issn = {0003-6951, 1077-3118},
  doi = {10.1063/1.1429300}
}

@book{whoBurden2015,
  title = {{{WHO}} Estimates of the Global Burden of Foodborne Diseases: Foodborne Disease Burden Epidemiology Reference Group 2007-2015},
  author = {{World Health Organization}},
  year = {2015},
  publisher = {World Health Organization},
  isbn = {978-92-4-156516-5}
}

@misc{whoFive2006,
  title = {Five Keys to Safer Food Manual},
  author = {World Health Organization (WHO)},
  year = {2006},
  howpublished = {https://www.who.int/publications/i/item/9789241594639}
}

@misc{whoFoodborne2010Deaths,
  title = {Foodborne Deaths (Median, 95\% Uncertainty Interval)},
  author = {World Health Organization (WHO)},
  year = {2010},
  howpublished = {https://www.who.int/data/gho/data/indicators/indicator-details/GHO/foodborne-deaths--2010-(median--95--uncertainty-interval)}
}

@misc{whoFoodborne2010Illnesses,
  title = {Foodborne Illnesses (Median, 95\% Uncertainty Interval)},
  author = {World Health Organization (WHO)},
  year = {2010},
  howpublished = {https://www.who.int/data/gho/data/indicators/indicator-details/GHO/foodborne-illnesses-2010-(median--95--uncertainty-interval)}
}

@misc{whoFoodborne2025,
  title = {Foodborne Diseases},
  author = {World Health Organization (WHO)},
  year = {2025},
  howpublished = {https://www.who.int/health-topics/foodborne-diseases}
}

@article{wikimediacommonsAmmonium2025,
  title = {Ammonium {{Ion}}},
  author = {Wikimedia Commons, Public Domain},
  year = {2025},
  journal = {Wikipedia},
  copyright = {Creative Commons Attribution-ShareAlike License},
  annotation = {Page Version ID: 1281346768}
}

@article{williamsElectrochemical2020,
  title = {Electrochemical Sensors for Environmental Gas Analysis},
  author = {Williams, David E.},
  year = {2020},
  journal = {Current Opinion in Electrochemistry},
  volume = {22},
  pages = {145--153},
  issn = {2451-9103},
  doi = {10.1016/j.coelec.2020.06.006}
}

@misc{worldhealthorganizationwhoEstimating2025,
  title = {Estimating the Burden of Foodborne Diseases},
  author = {World Health Organization (WHO)},
  year = {2025},
  howpublished = {https://www.who.int/activities/estimating-the-burden-of-foodborne-diseases}
}

@misc{worldhealthorganizationwhoFood,
  title = {Food Safety},
  author = {World Health Organization (WHO)},
  howpublished = {https://www.who.int/news-room/fact-sheets/detail/food-safety}
}

@misc{wtoInternational2023,
  title = {International {{Trade Statistics}}},
  author = {World Trade Organization (WTO)},
  year = {2023},
  journal = {Tableau Software},
  howpublished = {https://public.tableau.com/views/CommercialServices/Main?:embed=y\&:showVizHome=no\&:host\_url=https\%3A\%2F\%2Fpublic.tableau.com\%2F\&:embed\_code\_version=3\&:tabs=no\&:toolbar=yes\&:animate\_transition=yes\&:display\_static\_image=yes\&:display\_spinner=no\&:display\_overlay=yes\&:display\_count=yes\&:language=en-GB\&:loadOrderID=0}
}

@article{wuEvaluation2022,
  title = {Evaluation of {{Water Ammonium Ion Test Kit}} and {{Its Feasibility}} for the {{Analysis}} of {{Protein}} in {{Food}}},
  author = {Wu, Dan and Xia, Qile and Zhou, Jianfeng and Ye, Xingqian},
  year = {2022},
  journal = {Molecules},
  volume = {27},
  number = {15},
  pages = {4689},
  publisher = {Multidisciplinary Digital Publishing Institute},
  issn = {1420-3049},
  doi = {10.3390/molecules27154689},
  copyright = {http://creativecommons.org/licenses/by/3.0/}
}

@article{xiangInkjetPrinted2016,
  title = {Inkjet-{{Printed Flexible Biosensor Based}} on {{Graphene Field Effect Transistor}}},
  author = {Xiang, Lichen and Wang, Zhuo and Liu, Zhihong and Weigum, Shannon E. and Yu, Qingkai and Chen, Maggie Yihong},
  year = {2016},
  journal = {IEEE Sensors Journal},
  volume = {16},
  number = {23},
  pages = {8359--8364},
  issn = {1558-1748},
  doi = {10.1109/JSEN.2016.2608719}
}

@article{xuFlexible2022,
  title = {Flexible Organic Transistors for Neural Activity Recording},
  author = {Xu, Wei and Wang, Jingxin and Cheng, Simin and Xu, Xiaomin},
  year = {2022},
  journal = {Applied Physics Reviews},
  volume = {9},
  number = {3},
  pages = {031308},
  issn = {1931-9401},
  doi = {10.1063/5.0102401}
}

@article{yamatodaniHighperformance1985,
  title = {High-Performance Liquid Chromatographic Determination of Plasma and Brain Histamine without Previous Purification of Biological Samples: {{Cation-exchange}} Chromatography Coupled with Post-Column Derivatization Fluorometry},
  author = {Yamatodani, Atsushi and Fukuda, Hiroshi and Wada, Hiroshi and Iwaeda, Toshinao and Watanabe, Takehiko},
  year = {1985},
  journal = {Journal of Chromatography B: Biomedical Sciences and Applications},
  volume = {344},
  pages = {115--123},
  issn = {03784347},
  doi = {10.1016/S0378-4347(00)82012-5},
  copyright = {https://www.elsevier.com/tdm/userlicense/1.0/}
}

@article{yangCNNLSTM2020,
  title = {{{CNN-LSTM}} Deep Learning Architecture for Computer Vision-Based Modal Frequency Detection},
  author = {Yang, Ruoyu and Singh, Shubhendu Kumar and Tavakkoli, Mostafa and Amiri, Nikta and Yang, Yongchao and Karami, M. Amin and Rai, Rahul},
  year = {2020},
  journal = {Mechanical Systems and Signal Processing},
  volume = {144},
  pages = {106885},
  issn = {0888-3270},
  doi = {10.1016/j.ymssp.2020.106885}
}

@article{yangDynamic2022,
  title = {Dynamic {{Single-Molecule Sensors}}: {{A Theoretical Study}}},
  author = {Yang, Yuting and Zeng, Qiang and Luo, Qingqing and Wang, Chen and Yu, Hui},
  year = {2022},
  journal = {ACS Sensors},
  volume = {7},
  number = {7},
  pages = {2069--2074},
  publisher = {American Chemical Society},
  doi = {10.1021/acssensors.2c00929}
}

@article{yanRecent2022,
  title = {Recent Progress in Organic Field-Effect Transistor-Based Integrated Circuits},
  author = {Yan, Y. and Zhao, Y. and Liu, Y.},
  year = {2022},
  journal = {Journal of Polymer Science},
  volume = {60},
  number = {3},
  pages = {311--327},
  issn = {2642-4150},
  doi = {10.1002/pol.20210457}
}

@article{yanReview2018,
  title = {Review of Optical Sensors for Pesticides},
  author = {Yan, Xu and Li, Hongxia and Su, Xingguang},
  year = {2018},
  journal = {TrAC Trends in Analytical Chemistry},
  volume = {103},
  pages = {1--20},
  issn = {0165-9936},
  doi = {10.1016/j.trac.2018.03.004}
}

@article{yaoCarbon2021,
  title = {Carbon {{Nanotube Field-Effect Transistor-Based Chemical}} and {{Biological Sensors}}},
  author = {Yao, Xuesong and Zhang, Yalei and Jin, Wanlin and Hu, Youfan and Cui, Yue},
  year = {2021},
  journal = {Sensors},
  volume = {21},
  number = {3},
  pages = {995},
  publisher = {Multidisciplinary Digital Publishing Institute},
  issn = {1424-8220},
  doi = {10.3390/s21030995},
  copyright = {http://creativecommons.org/licenses/by/3.0/}
}

@article{yuRecent2024,
  title = {Recent {{Advances}} in {{Field-Effect Transistor-Based Biosensors}} for {{Label-Free Detection}} of {{SARS-CoV-2}}},
  author = {Yu, Haiyang and Zhang, Huibin and Liu, Zhe and Feng, Linrun and Su, Yuezeng and Li, Jinhua and Tang, Wei and Yan, Feng},
  year = {2024},
  journal = {Small Science},
  volume = {4},
  number = {2},
  pages = {2300058},
  issn = {2688-4046},
  doi = {10.1002/smsc.202300058},
  copyright = {{\copyright} 2023 The Authors. Small Science published by Wiley-VCH GmbH}
}

@article{zahediCryptosporidium2020,
  title = {{\emph{Cryptosporidium}} -- {{An}} Update with an Emphasis on Foodborne and Waterborne Transmission},
  author = {Zahedi, Alireza and Ryan, Una},
  year = {2020},
  journal = {Research in Veterinary Science},
  volume = {132},
  pages = {500--512},
  issn = {0034-5288},
  doi = {10.1016/j.rvsc.2020.08.002}
}

@article{zahoorCarbon2023,
  title = {Carbon Nanotube Field Effect Transistors: An Overview of Device Structure, Modeling, Fabrication and Applications},
  author = {Zahoor, Furqan and Hanif, Mehwish and Isyaku Bature, Usman and Bodapati, Srinivasu and Chattopadhyay, Anupam and Azmadi Hussin, Fawnizu and Abbas, Haider and Merchant, Farhad and Bashir, Faisal},
  year = {2023},
  journal = {Physica Scripta},
  volume = {98},
  number = {8},
  pages = {082003},
  publisher = {IOP Publishing},
  issn = {1402-4896},
  doi = {10.1088/1402-4896/ace855}
}

@article{zaidanRapid2024,
  title = {Rapid, {{Selective}}, and {{Ultra-Sensitive Field Effect Transistor-Based Detection}} of {{Escherichia}} Coli},
  author = {Zaidan, Liena and Novodchuk, Inna and H. Xu, Alexander and Nica, Alexandru and Takaloo, Saeed and Lloyd, Christopher and Karimi, Reza and Sanderson, Joe and Bajcsy, Michal and Yavuz, Mustafa},
  year = {2024},
  journal = {Materials},
  volume = {17},
  number = {15},
  pages = {3648},
  publisher = {Multidisciplinary Digital Publishing Institute},
  issn = {1996-1944},
  doi = {10.3390/ma17153648},
  copyright = {http://creativecommons.org/licenses/by/3.0/}
}

@article{zamparasRestoration2014,
  title = {Restoration of Eutrophic Freshwater by Managing Internal Nutrient Loads. {{A}} Review},
  author = {Zamparas, Miltiadis and Zacharias, Ierotheos},
  year = {2014},
  journal = {Science of The Total Environment},
  volume = {496},
  pages = {551--562},
  issn = {0048-9697},
  doi = {10.1016/j.scitotenv.2014.07.076}
}

@article{zaumseilSemiconducting2019,
  title = {Semiconducting {{Single-Walled Carbon Nanotubes}} or {{Very Rigid Conjugated Polymers}}: {{A Comparison}}},
  author = {Zaumseil, Jana},
  year = {2019},
  journal = {Advanced Electronic Materials},
  volume = {5},
  number = {2},
  pages = {1800514},
  issn = {2199-160X},
  doi = {10.1002/aelm.201800514},
  copyright = {{\copyright} 2018 WILEY-VCH Verlag GmbH \& Co. KGaA, Weinheim}
}

@article{zengImmunochromatographic2021,
  title = {An Immunochromatographic Sensor for Ultrasensitive and Direct Detection of Histamine in Fish},
  author = {Zeng, Lu and Xu, Xinxin and Guo, Lingling and Wang, Zhongxing and Ding, Hongliu and Song, Shanshan and Xu, Liguang and Kuang, Hua and Liu, Liqiang and Xu, Chuanlai},
  year = {2021},
  journal = {Journal of Hazardous Materials},
  volume = {419},
  pages = {126533},
  issn = {03043894},
  doi = {10.1016/j.jhazmat.2021.126533}
}

@article{zhangApplying2017,
  title = {Applying {{Sensor-Based Technology}} to {{Improve Construction Safety Management}}},
  author = {Zhang, Mingyuan and Cao, Tianzhuo and Zhao, Xuefeng},
  year = {2017},
  journal = {Sensors},
  volume = {17},
  number = {8},
  pages = {1841},
  publisher = {Multidisciplinary Digital Publishing Institute},
  issn = {1424-8220},
  doi = {10.3390/s17081841},
  copyright = {http://creativecommons.org/licenses/by/3.0/}
}

@article{zhangDNA2007,
  title = {{{DNA}} Hybridization Detection with Organic Thin Film Transistors: {{Toward}} Fast and Disposable {{DNA}} Microarray Chips},
  author = {Zhang, Qintao and Subramanian, Vivek},
  year = {2007},
  journal = {Biosensors and Bioelectronics},
  volume = {22},
  number = {12},
  pages = {3182--3187},
  issn = {0956-5663},
  doi = {10.1016/j.bios.2007.02.015}
}

@article{zhangEnterotoxigenic2022,
  title = {Enterotoxigenic {{{\emph{Escherichia}}}}{\emph{ Coli}} : Intestinal Pathogenesis Mechanisms and Colonization Resistance by Gut Microbiota},
  author = {Zhang, Yucheng and Tan, Peng and Zhao, Ying and Ma, Xi},
  year = {2022},
  journal = {Gut Microbes},
  volume = {14},
  number = {1},
  pages = {2055943},
  issn = {1949-0976, 1949-0984},
  doi = {10.1080/19490976.2022.2055943}
}

@article{zhangRapid2021,
  title = {Rapid Determination of Histamine Level in Seafood Using Read-out Strips Based on High-Performance Thin Layer Chromatography Modified with Self-Visualization Nanomaterials},
  author = {Zhang, Yiming and Yu, Jinsheng and Lai, Shuyu and Song, Jian and Wu, Xiaomei and Wang, Dingnan and Pang, Linjiang and Chai, Tingting},
  year = {2021},
  journal = {Food Control},
  volume = {122},
  pages = {107816},
  issn = {09567135},
  doi = {10.1016/j.foodcont.2020.107816}
}

@article{zhongUntargeted2022,
  title = {Untargeted Metabolomics by Liquid Chromatography-Mass Spectrometry for Food Authentication: {{A}} Review},
  author = {Zhong, Peng and Wei, Xiaoqun and Li, Xiangmei and Wei, Xiaoyi and Wu, Shaozong and Huang, Weijuan and Koidis, Anastasios and Xu, Zhenlin and Lei, Hongtao},
  year = {2022},
  journal = {Comprehensive Reviews in Food Science and Food Safety},
  volume = {21},
  number = {3},
  pages = {2455--2488},
  issn = {1541-4337},
  doi = {10.1111/1541-4337.12938}
}

@incollection{zienkiewiczFinite2013,
  title = {The {{Finite Element Method}}: {{Its Basis}} and {{Fundamentals}}},
  booktitle = {The {{Finite Element Method}}: Its {{Basis}} and {{Fundamentals}} ({{Seventh Edition}})},
  editor = {Zienkiewicz, O. C. and Taylor, R. L. and Zhu, J. Z.},
  year = {2013},
  pages = {i},
  publisher = {Butterworth-Heinemann},
  doi = {10.1016/B978-1-85617-633-0.00019-8},
  isbn = {978-1-85617-633-0}
}

@article{zojerSimulation2021,
  title = {Simulation of {{Charge Carriers}} in {{Organic Electronic Devices}}: {{Methods}} with Their {{Fundamentals}} and {{Applications}}},
  author = {Zojer, Karin},
  year = {2021},
  journal = {Advanced Optical Materials},
  volume = {9},
  number = {14},
  pages = {2100219},
  issn = {2195-1071},
  doi = {10.1002/adom.202100219},
  copyright = {{\copyright} 2021 The Authors. Advanced Optical Materials published by Wiley-VCH GmbH}
}
